%YAML 1.1
%TAG !u! tag:unity3d.com,2011:
--- !u!29 &1
OcclusionCullingSettings:
  m_ObjectHideFlags: 0
  serializedVersion: 2
  m_OcclusionBakeSettings:
    smallestOccluder: 5
    smallestHole: 0.25
    backfaceThreshold: 100
  m_SceneGUID: 00000000000000000000000000000000
  m_OcclusionCullingData: {fileID: 0}
--- !u!104 &2
RenderSettings:
  m_ObjectHideFlags: 0
  serializedVersion: 8
  m_Fog: 0
  m_FogColor: {r: 0.5, g: 0.5, b: 0.5, a: 1}
  m_FogMode: 3
  m_FogDensity: 0.01
  m_LinearFogStart: 0
  m_LinearFogEnd: 300
  m_AmbientSkyColor: {r: 0.212, g: 0.227, b: 0.259, a: 1}
  m_AmbientEquatorColor: {r: 0.114, g: 0.125, b: 0.133, a: 1}
  m_AmbientGroundColor: {r: 0.047, g: 0.043, b: 0.035, a: 1}
  m_AmbientIntensity: 1
  m_AmbientMode: 3
  m_SubtractiveShadowColor: {r: 0.42, g: 0.478, b: 0.627, a: 1}
  m_SkyboxMaterial: {fileID: 0}
  m_HaloStrength: 0.5
  m_FlareStrength: 1
  m_FlareFadeSpeed: 3
  m_HaloTexture: {fileID: 0}
  m_SpotCookie: {fileID: 10001, guid: 0000000000000000e000000000000000, type: 0}
  m_DefaultReflectionMode: 0
  m_DefaultReflectionResolution: 128
  m_ReflectionBounces: 1
  m_ReflectionIntensity: 1
  m_CustomReflection: {fileID: 0}
  m_Sun: {fileID: 0}
  m_IndirectSpecularColor: {r: 0, g: 0, b: 0, a: 1}
--- !u!157 &3
LightmapSettings:
  m_ObjectHideFlags: 0
  serializedVersion: 11
  m_GIWorkflowMode: 1
  m_GISettings:
    serializedVersion: 2
    m_BounceScale: 1
    m_IndirectOutputScale: 1
    m_AlbedoBoost: 1
    m_TemporalCoherenceThreshold: 1
    m_EnvironmentLightingMode: 0
    m_EnableBakedLightmaps: 0
    m_EnableRealtimeLightmaps: 0
  m_LightmapEditorSettings:
    serializedVersion: 9
    m_Resolution: 2
    m_BakeResolution: 40
    m_TextureWidth: 1024
    m_TextureHeight: 1024
    m_AO: 0
    m_AOMaxDistance: 1
    m_CompAOExponent: 1
    m_CompAOExponentDirect: 0
    m_Padding: 2
    m_LightmapParameters: {fileID: 0}
    m_LightmapsBakeMode: 1
    m_TextureCompression: 1
    m_FinalGather: 0
    m_FinalGatherFiltering: 1
    m_FinalGatherRayCount: 256
    m_ReflectionCompression: 2
    m_MixedBakeMode: 2
    m_BakeBackend: 0
    m_PVRSampling: 1
    m_PVRDirectSampleCount: 32
    m_PVRSampleCount: 500
    m_PVRBounces: 2
    m_PVRFilterTypeDirect: 0
    m_PVRFilterTypeIndirect: 0
    m_PVRFilterTypeAO: 0
    m_PVRFilteringMode: 1
    m_PVRCulling: 1
    m_PVRFilteringGaussRadiusDirect: 1
    m_PVRFilteringGaussRadiusIndirect: 5
    m_PVRFilteringGaussRadiusAO: 2
    m_PVRFilteringAtrousPositionSigmaDirect: 0.5
    m_PVRFilteringAtrousPositionSigmaIndirect: 2
    m_PVRFilteringAtrousPositionSigmaAO: 1
    m_ShowResolutionOverlay: 1
  m_LightingDataAsset: {fileID: 0}
  m_UseShadowmask: 1
--- !u!196 &4
NavMeshSettings:
  serializedVersion: 2
  m_ObjectHideFlags: 0
  m_BuildSettings:
    serializedVersion: 2
    agentTypeID: 0
    agentRadius: 0.5
    agentHeight: 2
    agentSlope: 45
    agentClimb: 0.4
    ledgeDropHeight: 0
    maxJumpAcrossDistance: 0
    minRegionArea: 2
    manualCellSize: 0
    cellSize: 0.16666667
    manualTileSize: 0
    tileSize: 256
    accuratePlacement: 0
    debug:
      m_Flags: 0
  m_NavMeshData: {fileID: 0}
--- !u!1001 &11530325
Prefab:
  m_ObjectHideFlags: 0
  serializedVersion: 2
  m_Modification:
    m_TransformParent: {fileID: 0}
    m_Modifications:
    - target: {fileID: 4343181141091124, guid: 2763fd71d3b1c3e43b5af8732514e2e5, type: 2}
      propertyPath: m_LocalPosition.x
      value: -9.261849
      objectReference: {fileID: 0}
    - target: {fileID: 4343181141091124, guid: 2763fd71d3b1c3e43b5af8732514e2e5, type: 2}
      propertyPath: m_LocalPosition.y
      value: 42.16707
      objectReference: {fileID: 0}
    - target: {fileID: 4343181141091124, guid: 2763fd71d3b1c3e43b5af8732514e2e5, type: 2}
      propertyPath: m_LocalPosition.z
      value: -0.91912127
      objectReference: {fileID: 0}
    - target: {fileID: 4343181141091124, guid: 2763fd71d3b1c3e43b5af8732514e2e5, type: 2}
      propertyPath: m_LocalRotation.x
      value: 0
      objectReference: {fileID: 0}
    - target: {fileID: 4343181141091124, guid: 2763fd71d3b1c3e43b5af8732514e2e5, type: 2}
      propertyPath: m_LocalRotation.y
      value: 0
      objectReference: {fileID: 0}
    - target: {fileID: 4343181141091124, guid: 2763fd71d3b1c3e43b5af8732514e2e5, type: 2}
      propertyPath: m_LocalRotation.z
      value: 0
      objectReference: {fileID: 0}
    - target: {fileID: 4343181141091124, guid: 2763fd71d3b1c3e43b5af8732514e2e5, type: 2}
      propertyPath: m_LocalRotation.w
      value: 1
      objectReference: {fileID: 0}
    - target: {fileID: 4343181141091124, guid: 2763fd71d3b1c3e43b5af8732514e2e5, type: 2}
      propertyPath: m_RootOrder
      value: 1
      objectReference: {fileID: 0}
    - target: {fileID: 1820323754853446, guid: 2763fd71d3b1c3e43b5af8732514e2e5, type: 2}
      propertyPath: m_Name
      value: PlayableSpace (3)
      objectReference: {fileID: 0}
    m_RemovedComponents: []
  m_ParentPrefab: {fileID: 100100000, guid: 2763fd71d3b1c3e43b5af8732514e2e5, type: 2}
  m_IsPrefabParent: 0
--- !u!1001 &179065529
Prefab:
  m_ObjectHideFlags: 0
  serializedVersion: 2
  m_Modification:
    m_TransformParent: {fileID: 0}
    m_Modifications:
    - target: {fileID: 4083212941825770, guid: 564b2497ac0a2544592110edf4d3ba23, type: 2}
      propertyPath: m_LocalPosition.x
      value: 30.283062
      objectReference: {fileID: 0}
    - target: {fileID: 4083212941825770, guid: 564b2497ac0a2544592110edf4d3ba23, type: 2}
      propertyPath: m_LocalPosition.y
      value: 2.0095863
      objectReference: {fileID: 0}
    - target: {fileID: 4083212941825770, guid: 564b2497ac0a2544592110edf4d3ba23, type: 2}
      propertyPath: m_LocalPosition.z
      value: 0
      objectReference: {fileID: 0}
    - target: {fileID: 4083212941825770, guid: 564b2497ac0a2544592110edf4d3ba23, type: 2}
      propertyPath: m_LocalRotation.x
      value: 0
      objectReference: {fileID: 0}
    - target: {fileID: 4083212941825770, guid: 564b2497ac0a2544592110edf4d3ba23, type: 2}
      propertyPath: m_LocalRotation.y
      value: 0
      objectReference: {fileID: 0}
    - target: {fileID: 4083212941825770, guid: 564b2497ac0a2544592110edf4d3ba23, type: 2}
      propertyPath: m_LocalRotation.z
      value: 0
      objectReference: {fileID: 0}
    - target: {fileID: 4083212941825770, guid: 564b2497ac0a2544592110edf4d3ba23, type: 2}
      propertyPath: m_LocalRotation.w
      value: 1
      objectReference: {fileID: 0}
    - target: {fileID: 4083212941825770, guid: 564b2497ac0a2544592110edf4d3ba23, type: 2}
      propertyPath: m_RootOrder
      value: 10
      objectReference: {fileID: 0}
    - target: {fileID: 1865439467651808, guid: 564b2497ac0a2544592110edf4d3ba23, type: 2}
      propertyPath: m_Name
      value: Pillars (3)
      objectReference: {fileID: 0}
    - target: {fileID: 4083212941825770, guid: 564b2497ac0a2544592110edf4d3ba23, type: 2}
      propertyPath: m_LocalScale.y
      value: 1
      objectReference: {fileID: 0}
    - target: {fileID: 4083212941825770, guid: 564b2497ac0a2544592110edf4d3ba23, type: 2}
      propertyPath: m_LocalScale.x
      value: 2
      objectReference: {fileID: 0}
    m_RemovedComponents:
    - {fileID: 0}
  m_ParentPrefab: {fileID: 100100000, guid: 564b2497ac0a2544592110edf4d3ba23, type: 2}
  m_IsPrefabParent: 0
--- !u!1 &179065530 stripped
GameObject:
  m_PrefabParentObject: {fileID: 1865439467651808, guid: 564b2497ac0a2544592110edf4d3ba23,
    type: 2}
  m_PrefabInternal: {fileID: 179065529}
--- !u!60 &179065531
PolygonCollider2D:
  m_ObjectHideFlags: 0
  m_PrefabParentObject: {fileID: 0}
  m_PrefabInternal: {fileID: 0}
  m_GameObject: {fileID: 179065530}
  m_Enabled: 1
  m_Density: 1
  m_Material: {fileID: 0}
  m_IsTrigger: 0
  m_UsedByEffector: 0
  m_UsedByComposite: 0
  m_Offset: {x: 0, y: 0}
  m_SpriteTilingProperty:
    border: {x: 0, y: 0, z: 0, w: 0}
    pivot: {x: 0.5, y: 0.5}
    oldSize: {x: 4.12, y: 5.15}
    newSize: {x: 0.7, y: 0.7}
    adaptiveTilingThreshold: 0.5
    drawMode: 0
    adaptiveTiling: 0
  m_AutoTiling: 0
  m_Points:
    m_Paths:
    - - {x: 1.86, y: -2.475}
      - {x: 1.9599999, y: -2.445}
      - {x: 2.06, y: -2.365}
      - {x: 2.06, y: -1.0749999}
      - {x: 2.03, y: -0.555}
      - {x: 2.06, y: -0.545}
      - {x: 2.06, y: -0.39499998}
      - {x: 2.03, y: -0.39499998}
      - {x: 2.03, y: 1.225}
      - {x: 2.06, y: 1.255}
      - {x: 2.06, y: 1.4449999}
      - {x: 2.04, y: 1.475}
      - {x: 2.04, y: 2.0349998}
      - {x: 2.03, y: 2.235}
      - {x: 1.9799999, y: 2.325}
      - {x: 1.75, y: 2.315}
      - {x: 1.75, y: 2.405}
      - {x: 1.68, y: 2.445}
      - {x: 1.41, y: 2.495}
      - {x: 1.3299999, y: 2.5049999}
      - {x: 1.14, y: 2.445}
      - {x: 0.9, y: 2.365}
      - {x: 0.9, y: 2.5449998}
      - {x: 0.88, y: 2.565}
      - {x: 0.81, y: 2.575}
      - {x: 0.25, y: 2.575}
      - {x: 0.22999999, y: 2.395}
      - {x: 0.22999999, y: 2.0449998}
      - {x: -0.22999999, y: 2.385}
      - {x: -0.25, y: 2.575}
      - {x: -0.79999995, y: 2.575}
      - {x: -0.88, y: 2.565}
      - {x: -0.9, y: 2.5449998}
      - {x: -0.95, y: 2.395}
      - {x: -1.35, y: 2.5149999}
      - {x: -1.7099999, y: 2.425}
      - {x: -1.74, y: 2.395}
      - {x: -1.9, y: 2.345}
      - {x: -2.02, y: 2.2749999}
      - {x: -2.03, y: 2.065}
      - {x: -2.03, y: 1.4649999}
      - {x: -2.06, y: 1.435}
      - {x: -2.06, y: 1.255}
      - {x: -2.03, y: 1.225}
      - {x: -2.06, y: -0.095}
      - {x: -2.06, y: -0.545}
      - {x: -2.03, y: -0.555}
      - {x: -2.05, y: -1.165}
      - {x: -2.05, y: -2.355}
      - {x: -2, y: -2.425}
      - {x: -1.7099999, y: -2.5149999}
      - {x: -1.5799999, y: -2.5249999}
      - {x: -0.97999996, y: -2.575}
      - {x: 0.91999996, y: -2.575}
      - {x: 1.0799999, y: -2.565}
      - {x: 1.3, y: -2.5449998}
    - - {x: -0.08, y: 0.695}
      - {x: 0.07, y: 0.695}
      - {x: 0.07, y: 0.615}
      - {x: -0.08, y: 0.615}
--- !u!1 &232571668
GameObject:
  m_ObjectHideFlags: 0
  m_PrefabParentObject: {fileID: 0}
  m_PrefabInternal: {fileID: 0}
  serializedVersion: 5
  m_Component:
  - component: {fileID: 232571670}
  - component: {fileID: 232571669}
  m_Layer: 0
  m_Name: PlayerOne
  m_TagString: Untagged
  m_Icon: {fileID: 0}
  m_NavMeshLayer: 0
  m_StaticEditorFlags: 0
  m_IsActive: 1
--- !u!114 &232571669
MonoBehaviour:
  m_ObjectHideFlags: 0
  m_PrefabParentObject: {fileID: 0}
  m_PrefabInternal: {fileID: 0}
  m_GameObject: {fileID: 232571668}
  m_Enabled: 1
  m_EditorHideFlags: 0
  m_Script: {fileID: 11500000, guid: 463cfc5b1823d904082c9c76e283ccc2, type: 3}
  m_Name: 
  m_EditorClassIdentifier: 
  pawn: {fileID: 1451608562}
  jumpKey: 119
  D: 100
  A: 97
  W: 119
  S: 115
--- !u!4 &232571670
Transform:
  m_ObjectHideFlags: 0
  m_PrefabParentObject: {fileID: 0}
  m_PrefabInternal: {fileID: 0}
  m_GameObject: {fileID: 232571668}
  m_LocalRotation: {x: -0, y: -0, z: -0, w: 1}
  m_LocalPosition: {x: 16.15, y: -2.89, z: 0}
  m_LocalScale: {x: 1, y: 1, z: 1}
  m_Children: []
  m_Father: {fileID: 1451608566}
  m_RootOrder: 1
  m_LocalEulerAnglesHint: {x: 0, y: 0, z: 0}
--- !u!1 &257501899
GameObject:
  m_ObjectHideFlags: 0
  m_PrefabParentObject: {fileID: 0}
  m_PrefabInternal: {fileID: 0}
  serializedVersion: 5
  m_Component:
  - component: {fileID: 257501902}
  - component: {fileID: 257501901}
  - component: {fileID: 257501900}
  m_Layer: 0
  m_Name: EventSystem
  m_TagString: Untagged
  m_Icon: {fileID: 0}
  m_NavMeshLayer: 0
  m_StaticEditorFlags: 0
  m_IsActive: 1
--- !u!114 &257501900
MonoBehaviour:
  m_ObjectHideFlags: 0
  m_PrefabParentObject: {fileID: 0}
  m_PrefabInternal: {fileID: 0}
  m_GameObject: {fileID: 257501899}
  m_Enabled: 1
  m_EditorHideFlags: 0
  m_Script: {fileID: 1077351063, guid: f70555f144d8491a825f0804e09c671c, type: 3}
  m_Name: 
  m_EditorClassIdentifier: 
  m_HorizontalAxis: Horizontal
  m_VerticalAxis: Vertical
  m_SubmitButton: Submit
  m_CancelButton: Cancel
  m_InputActionsPerSecond: 10
  m_RepeatDelay: 0.5
  m_ForceModuleActive: 0
--- !u!114 &257501901
MonoBehaviour:
  m_ObjectHideFlags: 0
  m_PrefabParentObject: {fileID: 0}
  m_PrefabInternal: {fileID: 0}
  m_GameObject: {fileID: 257501899}
  m_Enabled: 1
  m_EditorHideFlags: 0
  m_Script: {fileID: -619905303, guid: f70555f144d8491a825f0804e09c671c, type: 3}
  m_Name: 
  m_EditorClassIdentifier: 
  m_FirstSelected: {fileID: 0}
  m_sendNavigationEvents: 1
  m_DragThreshold: 5
--- !u!4 &257501902
Transform:
  m_ObjectHideFlags: 0
  m_PrefabParentObject: {fileID: 0}
  m_PrefabInternal: {fileID: 0}
  m_GameObject: {fileID: 257501899}
  m_LocalRotation: {x: 0, y: 0, z: 0, w: 1}
  m_LocalPosition: {x: 0, y: 0, z: 0}
  m_LocalScale: {x: 1, y: 1, z: 1}
  m_Children: []
  m_Father: {fileID: 0}
  m_RootOrder: 27
  m_LocalEulerAnglesHint: {x: 0, y: 0, z: 0}
--- !u!1001 &301114720
Prefab:
  m_ObjectHideFlags: 0
  serializedVersion: 2
  m_Modification:
    m_TransformParent: {fileID: 0}
    m_Modifications:
    - target: {fileID: 4815428846981182, guid: 88f33d9c4a66b464e8899e8027cbc55a, type: 2}
      propertyPath: m_LocalPosition.x
      value: 64.35
      objectReference: {fileID: 0}
    - target: {fileID: 4815428846981182, guid: 88f33d9c4a66b464e8899e8027cbc55a, type: 2}
      propertyPath: m_LocalPosition.y
      value: 1.41
      objectReference: {fileID: 0}
    - target: {fileID: 4815428846981182, guid: 88f33d9c4a66b464e8899e8027cbc55a, type: 2}
      propertyPath: m_LocalPosition.z
      value: 0
      objectReference: {fileID: 0}
    - target: {fileID: 4815428846981182, guid: 88f33d9c4a66b464e8899e8027cbc55a, type: 2}
      propertyPath: m_LocalRotation.x
      value: 0
      objectReference: {fileID: 0}
    - target: {fileID: 4815428846981182, guid: 88f33d9c4a66b464e8899e8027cbc55a, type: 2}
      propertyPath: m_LocalRotation.y
      value: 0
      objectReference: {fileID: 0}
    - target: {fileID: 4815428846981182, guid: 88f33d9c4a66b464e8899e8027cbc55a, type: 2}
      propertyPath: m_LocalRotation.z
      value: 0
      objectReference: {fileID: 0}
    - target: {fileID: 4815428846981182, guid: 88f33d9c4a66b464e8899e8027cbc55a, type: 2}
      propertyPath: m_LocalRotation.w
      value: 1
      objectReference: {fileID: 0}
    - target: {fileID: 4815428846981182, guid: 88f33d9c4a66b464e8899e8027cbc55a, type: 2}
      propertyPath: m_RootOrder
      value: 29
      objectReference: {fileID: 0}
    - target: {fileID: 1826902599905622, guid: 88f33d9c4a66b464e8899e8027cbc55a, type: 2}
      propertyPath: m_Name
      value: NextlvlCoin
      objectReference: {fileID: 0}
    - target: {fileID: 212635340521519698, guid: 88f33d9c4a66b464e8899e8027cbc55a,
        type: 2}
      propertyPath: m_Color.r
      value: 1
      objectReference: {fileID: 0}
    - target: {fileID: 212635340521519698, guid: 88f33d9c4a66b464e8899e8027cbc55a,
        type: 2}
      propertyPath: m_Color.g
      value: 1
      objectReference: {fileID: 0}
    - target: {fileID: 212635340521519698, guid: 88f33d9c4a66b464e8899e8027cbc55a,
        type: 2}
      propertyPath: m_Color.b
      value: 1
      objectReference: {fileID: 0}
    - target: {fileID: 60431749751342224, guid: 88f33d9c4a66b464e8899e8027cbc55a,
        type: 2}
      propertyPath: m_IsTrigger
      value: 0
      objectReference: {fileID: 0}
    m_RemovedComponents:
    - {fileID: 0}
  m_ParentPrefab: {fileID: 100100000, guid: 88f33d9c4a66b464e8899e8027cbc55a, type: 2}
  m_IsPrefabParent: 0
--- !u!1001 &352952251
Prefab:
  m_ObjectHideFlags: 0
  serializedVersion: 2
  m_Modification:
    m_TransformParent: {fileID: 0}
    m_Modifications:
    - target: {fileID: 4568130285840360, guid: 17106a58efe3fad4c8cd9b8f3a499b9a, type: 2}
      propertyPath: m_LocalPosition.x
      value: 49.804768
      objectReference: {fileID: 0}
    - target: {fileID: 4568130285840360, guid: 17106a58efe3fad4c8cd9b8f3a499b9a, type: 2}
      propertyPath: m_LocalPosition.y
      value: 1.1784964
      objectReference: {fileID: 0}
    - target: {fileID: 4568130285840360, guid: 17106a58efe3fad4c8cd9b8f3a499b9a, type: 2}
      propertyPath: m_LocalPosition.z
      value: 0
      objectReference: {fileID: 0}
    - target: {fileID: 4568130285840360, guid: 17106a58efe3fad4c8cd9b8f3a499b9a, type: 2}
      propertyPath: m_LocalRotation.x
      value: 0
      objectReference: {fileID: 0}
    - target: {fileID: 4568130285840360, guid: 17106a58efe3fad4c8cd9b8f3a499b9a, type: 2}
      propertyPath: m_LocalRotation.y
      value: 0
      objectReference: {fileID: 0}
    - target: {fileID: 4568130285840360, guid: 17106a58efe3fad4c8cd9b8f3a499b9a, type: 2}
      propertyPath: m_LocalRotation.z
      value: 0
      objectReference: {fileID: 0}
    - target: {fileID: 4568130285840360, guid: 17106a58efe3fad4c8cd9b8f3a499b9a, type: 2}
      propertyPath: m_LocalRotation.w
      value: 1
      objectReference: {fileID: 0}
    - target: {fileID: 4568130285840360, guid: 17106a58efe3fad4c8cd9b8f3a499b9a, type: 2}
      propertyPath: m_RootOrder
      value: 18
      objectReference: {fileID: 0}
    - target: {fileID: 1288171999792428, guid: 17106a58efe3fad4c8cd9b8f3a499b9a, type: 2}
      propertyPath: m_Name
      value: Sound_Coin (2)
      objectReference: {fileID: 0}
    m_RemovedComponents: []
  m_ParentPrefab: {fileID: 100100000, guid: 17106a58efe3fad4c8cd9b8f3a499b9a, type: 2}
  m_IsPrefabParent: 0
--- !u!1001 &396076934
Prefab:
  m_ObjectHideFlags: 0
  serializedVersion: 2
  m_Modification:
    m_TransformParent: {fileID: 0}
    m_Modifications:
    - target: {fileID: 4161822459890180, guid: 7a0d480e351aa214e840eb73c8cf7ba3, type: 2}
      propertyPath: m_LocalPosition.x
      value: 60.718872
      objectReference: {fileID: 0}
    - target: {fileID: 4161822459890180, guid: 7a0d480e351aa214e840eb73c8cf7ba3, type: 2}
      propertyPath: m_LocalPosition.y
      value: 1.2817168
      objectReference: {fileID: 0}
    - target: {fileID: 4161822459890180, guid: 7a0d480e351aa214e840eb73c8cf7ba3, type: 2}
      propertyPath: m_LocalPosition.z
      value: 0
      objectReference: {fileID: 0}
    - target: {fileID: 4161822459890180, guid: 7a0d480e351aa214e840eb73c8cf7ba3, type: 2}
      propertyPath: m_LocalRotation.x
      value: 0
      objectReference: {fileID: 0}
    - target: {fileID: 4161822459890180, guid: 7a0d480e351aa214e840eb73c8cf7ba3, type: 2}
      propertyPath: m_LocalRotation.y
      value: 0
      objectReference: {fileID: 0}
    - target: {fileID: 4161822459890180, guid: 7a0d480e351aa214e840eb73c8cf7ba3, type: 2}
      propertyPath: m_LocalRotation.z
      value: 0
      objectReference: {fileID: 0}
    - target: {fileID: 4161822459890180, guid: 7a0d480e351aa214e840eb73c8cf7ba3, type: 2}
      propertyPath: m_LocalRotation.w
      value: 1
      objectReference: {fileID: 0}
    - target: {fileID: 4161822459890180, guid: 7a0d480e351aa214e840eb73c8cf7ba3, type: 2}
      propertyPath: m_RootOrder
      value: 4
      objectReference: {fileID: 0}
    - target: {fileID: 1686538325737960, guid: 7a0d480e351aa214e840eb73c8cf7ba3, type: 2}
      propertyPath: m_Name
      value: Enemy (5)
      objectReference: {fileID: 0}
    m_RemovedComponents: []
  m_ParentPrefab: {fileID: 100100000, guid: 7a0d480e351aa214e840eb73c8cf7ba3, type: 2}
  m_IsPrefabParent: 0
--- !u!1001 &494777773
Prefab:
  m_ObjectHideFlags: 0
  serializedVersion: 2
  m_Modification:
    m_TransformParent: {fileID: 0}
    m_Modifications:
    - target: {fileID: 4083212941825770, guid: 564b2497ac0a2544592110edf4d3ba23, type: 2}
      propertyPath: m_LocalPosition.x
      value: -4.8202267
      objectReference: {fileID: 0}
    - target: {fileID: 4083212941825770, guid: 564b2497ac0a2544592110edf4d3ba23, type: 2}
      propertyPath: m_LocalPosition.y
      value: 2.195812
      objectReference: {fileID: 0}
    - target: {fileID: 4083212941825770, guid: 564b2497ac0a2544592110edf4d3ba23, type: 2}
      propertyPath: m_LocalPosition.z
      value: 0
      objectReference: {fileID: 0}
    - target: {fileID: 4083212941825770, guid: 564b2497ac0a2544592110edf4d3ba23, type: 2}
      propertyPath: m_LocalRotation.x
      value: 0
      objectReference: {fileID: 0}
    - target: {fileID: 4083212941825770, guid: 564b2497ac0a2544592110edf4d3ba23, type: 2}
      propertyPath: m_LocalRotation.y
      value: 0
      objectReference: {fileID: 0}
    - target: {fileID: 4083212941825770, guid: 564b2497ac0a2544592110edf4d3ba23, type: 2}
      propertyPath: m_LocalRotation.z
      value: 0
      objectReference: {fileID: 0}
    - target: {fileID: 4083212941825770, guid: 564b2497ac0a2544592110edf4d3ba23, type: 2}
      propertyPath: m_LocalRotation.w
      value: 1
      objectReference: {fileID: 0}
    - target: {fileID: 4083212941825770, guid: 564b2497ac0a2544592110edf4d3ba23, type: 2}
      propertyPath: m_RootOrder
      value: 11
      objectReference: {fileID: 0}
    - target: {fileID: 1865439467651808, guid: 564b2497ac0a2544592110edf4d3ba23, type: 2}
      propertyPath: m_Name
      value: Pillars (2)
      objectReference: {fileID: 0}
    - target: {fileID: 4083212941825770, guid: 564b2497ac0a2544592110edf4d3ba23, type: 2}
      propertyPath: m_LocalScale.x
      value: 2
      objectReference: {fileID: 0}
    - target: {fileID: 4083212941825770, guid: 564b2497ac0a2544592110edf4d3ba23, type: 2}
      propertyPath: m_LocalScale.y
      value: 1
      objectReference: {fileID: 0}
    m_RemovedComponents:
    - {fileID: 0}
  m_ParentPrefab: {fileID: 100100000, guid: 564b2497ac0a2544592110edf4d3ba23, type: 2}
  m_IsPrefabParent: 0
--- !u!1 &494777774 stripped
GameObject:
  m_PrefabParentObject: {fileID: 1865439467651808, guid: 564b2497ac0a2544592110edf4d3ba23,
    type: 2}
  m_PrefabInternal: {fileID: 494777773}
--- !u!60 &494777775
PolygonCollider2D:
  m_ObjectHideFlags: 0
  m_PrefabParentObject: {fileID: 0}
  m_PrefabInternal: {fileID: 0}
  m_GameObject: {fileID: 494777774}
  m_Enabled: 1
  m_Density: 1
  m_Material: {fileID: 0}
  m_IsTrigger: 0
  m_UsedByEffector: 0
  m_UsedByComposite: 0
  m_Offset: {x: 0, y: 0}
  m_SpriteTilingProperty:
    border: {x: 0, y: 0, z: 0, w: 0}
    pivot: {x: 0.5, y: 0.5}
    oldSize: {x: 4.12, y: 5.15}
    newSize: {x: 0.7, y: 0.7}
    adaptiveTilingThreshold: 0.5
    drawMode: 0
    adaptiveTiling: 0
  m_AutoTiling: 0
  m_Points:
    m_Paths:
    - - {x: 1.86, y: -2.475}
      - {x: 1.9599999, y: -2.445}
      - {x: 2.06, y: -2.365}
      - {x: 2.06, y: -1.0749999}
      - {x: 2.03, y: -0.555}
      - {x: 2.06, y: -0.545}
      - {x: 2.06, y: -0.39499998}
      - {x: 2.03, y: -0.39499998}
      - {x: 2.03, y: 1.225}
      - {x: 2.06, y: 1.255}
      - {x: 2.06, y: 1.4449999}
      - {x: 2.04, y: 1.475}
      - {x: 2.04, y: 2.0349998}
      - {x: 2.03, y: 2.235}
      - {x: 1.9799999, y: 2.325}
      - {x: 1.75, y: 2.315}
      - {x: 1.75, y: 2.405}
      - {x: 1.68, y: 2.445}
      - {x: 1.41, y: 2.495}
      - {x: 1.3299999, y: 2.5049999}
      - {x: 1.14, y: 2.445}
      - {x: 0.9, y: 2.365}
      - {x: 0.9, y: 2.5449998}
      - {x: 0.88, y: 2.565}
      - {x: 0.81, y: 2.575}
      - {x: 0.25, y: 2.575}
      - {x: 0.22999999, y: 2.395}
      - {x: 0.22999999, y: 2.0449998}
      - {x: -0.22999999, y: 2.385}
      - {x: -0.25, y: 2.575}
      - {x: -0.79999995, y: 2.575}
      - {x: -0.88, y: 2.565}
      - {x: -0.9, y: 2.5449998}
      - {x: -0.95, y: 2.395}
      - {x: -1.35, y: 2.5149999}
      - {x: -1.7099999, y: 2.425}
      - {x: -1.74, y: 2.395}
      - {x: -1.9, y: 2.345}
      - {x: -2.02, y: 2.2749999}
      - {x: -2.03, y: 2.065}
      - {x: -2.03, y: 1.4649999}
      - {x: -2.06, y: 1.435}
      - {x: -2.06, y: 1.255}
      - {x: -2.03, y: 1.225}
      - {x: -2.06, y: -0.095}
      - {x: -2.06, y: -0.545}
      - {x: -2.03, y: -0.555}
      - {x: -2.05, y: -1.165}
      - {x: -2.05, y: -2.355}
      - {x: -2, y: -2.425}
      - {x: -1.7099999, y: -2.5149999}
      - {x: -1.5799999, y: -2.5249999}
      - {x: -0.97999996, y: -2.575}
      - {x: 0.91999996, y: -2.575}
      - {x: 1.0799999, y: -2.565}
      - {x: 1.3, y: -2.5449998}
    - - {x: -0.08, y: 0.695}
      - {x: 0.07, y: 0.695}
      - {x: 0.07, y: 0.615}
      - {x: -0.08, y: 0.615}
--- !u!1001 &541178428
Prefab:
  m_ObjectHideFlags: 0
  serializedVersion: 2
  m_Modification:
    m_TransformParent: {fileID: 0}
    m_Modifications:
    - target: {fileID: 4568130285840360, guid: 17106a58efe3fad4c8cd9b8f3a499b9a, type: 2}
      propertyPath: m_LocalPosition.x
      value: 3.96
      objectReference: {fileID: 0}
    - target: {fileID: 4568130285840360, guid: 17106a58efe3fad4c8cd9b8f3a499b9a, type: 2}
      propertyPath: m_LocalPosition.y
      value: 2.15
      objectReference: {fileID: 0}
    - target: {fileID: 4568130285840360, guid: 17106a58efe3fad4c8cd9b8f3a499b9a, type: 2}
      propertyPath: m_LocalPosition.z
      value: 0
      objectReference: {fileID: 0}
    - target: {fileID: 4568130285840360, guid: 17106a58efe3fad4c8cd9b8f3a499b9a, type: 2}
      propertyPath: m_LocalRotation.x
      value: 0
      objectReference: {fileID: 0}
    - target: {fileID: 4568130285840360, guid: 17106a58efe3fad4c8cd9b8f3a499b9a, type: 2}
      propertyPath: m_LocalRotation.y
      value: 0
      objectReference: {fileID: 0}
    - target: {fileID: 4568130285840360, guid: 17106a58efe3fad4c8cd9b8f3a499b9a, type: 2}
      propertyPath: m_LocalRotation.z
      value: 0
      objectReference: {fileID: 0}
    - target: {fileID: 4568130285840360, guid: 17106a58efe3fad4c8cd9b8f3a499b9a, type: 2}
      propertyPath: m_LocalRotation.w
      value: 1
      objectReference: {fileID: 0}
    - target: {fileID: 4568130285840360, guid: 17106a58efe3fad4c8cd9b8f3a499b9a, type: 2}
      propertyPath: m_RootOrder
      value: 21
      objectReference: {fileID: 0}
    - target: {fileID: 1288171999792428, guid: 17106a58efe3fad4c8cd9b8f3a499b9a, type: 2}
      propertyPath: m_Name
      value: Sound/Coin
      objectReference: {fileID: 0}
    m_RemovedComponents: []
  m_ParentPrefab: {fileID: 100100000, guid: 17106a58efe3fad4c8cd9b8f3a499b9a, type: 2}
  m_IsPrefabParent: 0
--- !u!1001 &562472501
Prefab:
  m_ObjectHideFlags: 0
  serializedVersion: 2
  m_Modification:
    m_TransformParent: {fileID: 0}
    m_Modifications:
    - target: {fileID: 4568130285840360, guid: 17106a58efe3fad4c8cd9b8f3a499b9a, type: 2}
      propertyPath: m_LocalPosition.x
      value: -10.561239
      objectReference: {fileID: 0}
    - target: {fileID: 4568130285840360, guid: 17106a58efe3fad4c8cd9b8f3a499b9a, type: 2}
      propertyPath: m_LocalPosition.y
      value: 4.996111
      objectReference: {fileID: 0}
    - target: {fileID: 4568130285840360, guid: 17106a58efe3fad4c8cd9b8f3a499b9a, type: 2}
      propertyPath: m_LocalPosition.z
      value: 0
      objectReference: {fileID: 0}
    - target: {fileID: 4568130285840360, guid: 17106a58efe3fad4c8cd9b8f3a499b9a, type: 2}
      propertyPath: m_LocalRotation.x
      value: 0
      objectReference: {fileID: 0}
    - target: {fileID: 4568130285840360, guid: 17106a58efe3fad4c8cd9b8f3a499b9a, type: 2}
      propertyPath: m_LocalRotation.y
      value: 0
      objectReference: {fileID: 0}
    - target: {fileID: 4568130285840360, guid: 17106a58efe3fad4c8cd9b8f3a499b9a, type: 2}
      propertyPath: m_LocalRotation.z
      value: 0
      objectReference: {fileID: 0}
    - target: {fileID: 4568130285840360, guid: 17106a58efe3fad4c8cd9b8f3a499b9a, type: 2}
      propertyPath: m_LocalRotation.w
      value: 1
      objectReference: {fileID: 0}
    - target: {fileID: 4568130285840360, guid: 17106a58efe3fad4c8cd9b8f3a499b9a, type: 2}
      propertyPath: m_RootOrder
      value: 14
      objectReference: {fileID: 0}
    - target: {fileID: 1288171999792428, guid: 17106a58efe3fad4c8cd9b8f3a499b9a, type: 2}
      propertyPath: m_Name
      value: Sound_Coin (7)
      objectReference: {fileID: 0}
    m_RemovedComponents: []
  m_ParentPrefab: {fileID: 100100000, guid: 17106a58efe3fad4c8cd9b8f3a499b9a, type: 2}
  m_IsPrefabParent: 0
--- !u!1001 &643325544
Prefab:
  m_ObjectHideFlags: 0
  serializedVersion: 2
  m_Modification:
    m_TransformParent: {fileID: 0}
    m_Modifications:
    - target: {fileID: 4568130285840360, guid: 17106a58efe3fad4c8cd9b8f3a499b9a, type: 2}
      propertyPath: m_LocalPosition.x
      value: 44.316948
      objectReference: {fileID: 0}
    - target: {fileID: 4568130285840360, guid: 17106a58efe3fad4c8cd9b8f3a499b9a, type: 2}
      propertyPath: m_LocalPosition.y
      value: 12.989244
      objectReference: {fileID: 0}
    - target: {fileID: 4568130285840360, guid: 17106a58efe3fad4c8cd9b8f3a499b9a, type: 2}
      propertyPath: m_LocalPosition.z
      value: 0
      objectReference: {fileID: 0}
    - target: {fileID: 4568130285840360, guid: 17106a58efe3fad4c8cd9b8f3a499b9a, type: 2}
      propertyPath: m_LocalRotation.x
      value: 0
      objectReference: {fileID: 0}
    - target: {fileID: 4568130285840360, guid: 17106a58efe3fad4c8cd9b8f3a499b9a, type: 2}
      propertyPath: m_LocalRotation.y
      value: 0
      objectReference: {fileID: 0}
    - target: {fileID: 4568130285840360, guid: 17106a58efe3fad4c8cd9b8f3a499b9a, type: 2}
      propertyPath: m_LocalRotation.z
      value: 0
      objectReference: {fileID: 0}
    - target: {fileID: 4568130285840360, guid: 17106a58efe3fad4c8cd9b8f3a499b9a, type: 2}
      propertyPath: m_LocalRotation.w
      value: 1
      objectReference: {fileID: 0}
    - target: {fileID: 4568130285840360, guid: 17106a58efe3fad4c8cd9b8f3a499b9a, type: 2}
      propertyPath: m_RootOrder
      value: 19
      objectReference: {fileID: 0}
    - target: {fileID: 1288171999792428, guid: 17106a58efe3fad4c8cd9b8f3a499b9a, type: 2}
      propertyPath: m_Name
      value: Sound_Coin (1)
      objectReference: {fileID: 0}
    m_RemovedComponents: []
  m_ParentPrefab: {fileID: 100100000, guid: 17106a58efe3fad4c8cd9b8f3a499b9a, type: 2}
  m_IsPrefabParent: 0
--- !u!1001 &654016206
Prefab:
  m_ObjectHideFlags: 0
  serializedVersion: 2
  m_Modification:
    m_TransformParent: {fileID: 0}
    m_Modifications:
    - target: {fileID: 4568130285840360, guid: 17106a58efe3fad4c8cd9b8f3a499b9a, type: 2}
      propertyPath: m_LocalPosition.x
      value: 22.72356
      objectReference: {fileID: 0}
    - target: {fileID: 4568130285840360, guid: 17106a58efe3fad4c8cd9b8f3a499b9a, type: 2}
      propertyPath: m_LocalPosition.y
      value: 3.0873048
      objectReference: {fileID: 0}
    - target: {fileID: 4568130285840360, guid: 17106a58efe3fad4c8cd9b8f3a499b9a, type: 2}
      propertyPath: m_LocalPosition.z
      value: 0
      objectReference: {fileID: 0}
    - target: {fileID: 4568130285840360, guid: 17106a58efe3fad4c8cd9b8f3a499b9a, type: 2}
      propertyPath: m_LocalRotation.x
      value: 0
      objectReference: {fileID: 0}
    - target: {fileID: 4568130285840360, guid: 17106a58efe3fad4c8cd9b8f3a499b9a, type: 2}
      propertyPath: m_LocalRotation.y
      value: 0
      objectReference: {fileID: 0}
    - target: {fileID: 4568130285840360, guid: 17106a58efe3fad4c8cd9b8f3a499b9a, type: 2}
      propertyPath: m_LocalRotation.z
      value: 0
      objectReference: {fileID: 0}
    - target: {fileID: 4568130285840360, guid: 17106a58efe3fad4c8cd9b8f3a499b9a, type: 2}
      propertyPath: m_LocalRotation.w
      value: 1
      objectReference: {fileID: 0}
    - target: {fileID: 4568130285840360, guid: 17106a58efe3fad4c8cd9b8f3a499b9a, type: 2}
      propertyPath: m_RootOrder
      value: 17
      objectReference: {fileID: 0}
    - target: {fileID: 1288171999792428, guid: 17106a58efe3fad4c8cd9b8f3a499b9a, type: 2}
      propertyPath: m_Name
      value: Sound_Coin (3)
      objectReference: {fileID: 0}
    m_RemovedComponents: []
  m_ParentPrefab: {fileID: 100100000, guid: 17106a58efe3fad4c8cd9b8f3a499b9a, type: 2}
  m_IsPrefabParent: 0
--- !u!1001 &668737183
Prefab:
  m_ObjectHideFlags: 0
  serializedVersion: 2
  m_Modification:
    m_TransformParent: {fileID: 0}
    m_Modifications:
    - target: {fileID: 4568130285840360, guid: 17106a58efe3fad4c8cd9b8f3a499b9a, type: 2}
      propertyPath: m_LocalPosition.x
      value: 14.8
      objectReference: {fileID: 0}
    - target: {fileID: 4568130285840360, guid: 17106a58efe3fad4c8cd9b8f3a499b9a, type: 2}
      propertyPath: m_LocalPosition.y
      value: 10.7
      objectReference: {fileID: 0}
    - target: {fileID: 4568130285840360, guid: 17106a58efe3fad4c8cd9b8f3a499b9a, type: 2}
      propertyPath: m_LocalPosition.z
      value: 0
      objectReference: {fileID: 0}
    - target: {fileID: 4568130285840360, guid: 17106a58efe3fad4c8cd9b8f3a499b9a, type: 2}
      propertyPath: m_LocalRotation.x
      value: 0
      objectReference: {fileID: 0}
    - target: {fileID: 4568130285840360, guid: 17106a58efe3fad4c8cd9b8f3a499b9a, type: 2}
      propertyPath: m_LocalRotation.y
      value: 0
      objectReference: {fileID: 0}
    - target: {fileID: 4568130285840360, guid: 17106a58efe3fad4c8cd9b8f3a499b9a, type: 2}
      propertyPath: m_LocalRotation.z
      value: 0
      objectReference: {fileID: 0}
    - target: {fileID: 4568130285840360, guid: 17106a58efe3fad4c8cd9b8f3a499b9a, type: 2}
      propertyPath: m_LocalRotation.w
      value: 1
      objectReference: {fileID: 0}
    - target: {fileID: 4568130285840360, guid: 17106a58efe3fad4c8cd9b8f3a499b9a, type: 2}
      propertyPath: m_RootOrder
      value: 20
      objectReference: {fileID: 0}
    m_RemovedComponents: []
  m_ParentPrefab: {fileID: 100100000, guid: 17106a58efe3fad4c8cd9b8f3a499b9a, type: 2}
  m_IsPrefabParent: 0
--- !u!1001 &693291332
Prefab:
  m_ObjectHideFlags: 0
  serializedVersion: 2
  m_Modification:
    m_TransformParent: {fileID: 0}
    m_Modifications:
    - target: {fileID: 4343181141091124, guid: 2763fd71d3b1c3e43b5af8732514e2e5, type: 2}
      propertyPath: m_LocalPosition.x
      value: -17.428982
      objectReference: {fileID: 0}
    - target: {fileID: 4343181141091124, guid: 2763fd71d3b1c3e43b5af8732514e2e5, type: 2}
      propertyPath: m_LocalPosition.y
      value: -31.596159
      objectReference: {fileID: 0}
    - target: {fileID: 4343181141091124, guid: 2763fd71d3b1c3e43b5af8732514e2e5, type: 2}
      propertyPath: m_LocalPosition.z
      value: -0.91912127
      objectReference: {fileID: 0}
    - target: {fileID: 4343181141091124, guid: 2763fd71d3b1c3e43b5af8732514e2e5, type: 2}
      propertyPath: m_LocalRotation.x
      value: 0
      objectReference: {fileID: 0}
    - target: {fileID: 4343181141091124, guid: 2763fd71d3b1c3e43b5af8732514e2e5, type: 2}
      propertyPath: m_LocalRotation.y
      value: 0
      objectReference: {fileID: 0}
    - target: {fileID: 4343181141091124, guid: 2763fd71d3b1c3e43b5af8732514e2e5, type: 2}
      propertyPath: m_LocalRotation.z
      value: 0
      objectReference: {fileID: 0}
    - target: {fileID: 4343181141091124, guid: 2763fd71d3b1c3e43b5af8732514e2e5, type: 2}
      propertyPath: m_LocalRotation.w
      value: 1
      objectReference: {fileID: 0}
    - target: {fileID: 4343181141091124, guid: 2763fd71d3b1c3e43b5af8732514e2e5, type: 2}
      propertyPath: m_RootOrder
      value: 3
      objectReference: {fileID: 0}
    - target: {fileID: 1820323754853446, guid: 2763fd71d3b1c3e43b5af8732514e2e5, type: 2}
      propertyPath: m_Name
      value: PlayableSpace (1)
      objectReference: {fileID: 0}
    - target: {fileID: 61084495080216018, guid: 2763fd71d3b1c3e43b5af8732514e2e5,
        type: 2}
      propertyPath: m_Offset.x
      value: 31.658728
      objectReference: {fileID: 0}
    - target: {fileID: 61084495080216018, guid: 2763fd71d3b1c3e43b5af8732514e2e5,
        type: 2}
      propertyPath: m_Size.x
      value: 143.4832
      objectReference: {fileID: 0}
    - target: {fileID: 61084495080216018, guid: 2763fd71d3b1c3e43b5af8732514e2e5,
        type: 2}
      propertyPath: m_Offset.y
      value: 13.342286
      objectReference: {fileID: 0}
    - target: {fileID: 61084495080216018, guid: 2763fd71d3b1c3e43b5af8732514e2e5,
        type: 2}
      propertyPath: m_Size.y
      value: 14.129766
      objectReference: {fileID: 0}
    m_RemovedComponents: []
  m_ParentPrefab: {fileID: 100100000, guid: 2763fd71d3b1c3e43b5af8732514e2e5, type: 2}
  m_IsPrefabParent: 0
--- !u!1 &704793130
GameObject:
  m_ObjectHideFlags: 0
  m_PrefabParentObject: {fileID: 0}
  m_PrefabInternal: {fileID: 0}
  serializedVersion: 5
  m_Component:
  - component: {fileID: 704793134}
  - component: {fileID: 704793133}
  - component: {fileID: 704793132}
  m_Layer: 0
  m_Name: Main Camera
  m_TagString: MainCamera
  m_Icon: {fileID: 0}
  m_NavMeshLayer: 0
  m_StaticEditorFlags: 0
  m_IsActive: 1
--- !u!124 &704793132
Behaviour:
  m_ObjectHideFlags: 0
  m_PrefabParentObject: {fileID: 0}
  m_PrefabInternal: {fileID: 0}
  m_GameObject: {fileID: 704793130}
  m_Enabled: 1
--- !u!20 &704793133
Camera:
  m_ObjectHideFlags: 0
  m_PrefabParentObject: {fileID: 0}
  m_PrefabInternal: {fileID: 0}
  m_GameObject: {fileID: 704793130}
  m_Enabled: 1
  serializedVersion: 2
  m_ClearFlags: 1
  m_BackGroundColor: {r: 0.034482475, g: 0, b: 1, a: 0}
  m_NormalizedViewPortRect:
    serializedVersion: 2
    x: 0
    y: 0
    width: 1
    height: 1
  near clip plane: 0.3
  far clip plane: 1000
  field of view: 60
  orthographic: 1
  orthographic size: 9.503129
  m_Depth: -1
  m_CullingMask:
    serializedVersion: 2
    m_Bits: 4294967295
  m_RenderingPath: -1
  m_TargetTexture: {fileID: 0}
  m_TargetDisplay: 0
  m_TargetEye: 3
  m_HDR: 1
  m_AllowMSAA: 1
  m_AllowDynamicResolution: 0
  m_ForceIntoRT: 0
  m_OcclusionCulling: 1
  m_StereoConvergence: 10
  m_StereoSeparation: 0.022
--- !u!4 &704793134
Transform:
  m_ObjectHideFlags: 0
  m_PrefabParentObject: {fileID: 0}
  m_PrefabInternal: {fileID: 0}
  m_GameObject: {fileID: 704793130}
  m_LocalRotation: {x: -0, y: -0, z: -0, w: 1}
  m_LocalPosition: {x: 0, y: 2.89, z: -10}
  m_LocalScale: {x: 1, y: 1, z: 1}
  m_Children: []
  m_Father: {fileID: 1451608566}
  m_RootOrder: 0
  m_LocalEulerAnglesHint: {x: 0, y: 0, z: 0}
--- !u!1001 &733803987
Prefab:
  m_ObjectHideFlags: 0
  serializedVersion: 2
  m_Modification:
    m_TransformParent: {fileID: 0}
    m_Modifications:
    - target: {fileID: 4343181141091124, guid: 2763fd71d3b1c3e43b5af8732514e2e5, type: 2}
      propertyPath: m_LocalPosition.x
      value: 83.62451
      objectReference: {fileID: 0}
    - target: {fileID: 4343181141091124, guid: 2763fd71d3b1c3e43b5af8732514e2e5, type: 2}
      propertyPath: m_LocalPosition.y
      value: 13.410463
      objectReference: {fileID: 0}
    - target: {fileID: 4343181141091124, guid: 2763fd71d3b1c3e43b5af8732514e2e5, type: 2}
      propertyPath: m_LocalPosition.z
      value: -0.91912127
      objectReference: {fileID: 0}
    - target: {fileID: 4343181141091124, guid: 2763fd71d3b1c3e43b5af8732514e2e5, type: 2}
      propertyPath: m_LocalRotation.x
      value: 0
      objectReference: {fileID: 0}
    - target: {fileID: 4343181141091124, guid: 2763fd71d3b1c3e43b5af8732514e2e5, type: 2}
      propertyPath: m_LocalRotation.y
      value: 0
      objectReference: {fileID: 0}
    - target: {fileID: 4343181141091124, guid: 2763fd71d3b1c3e43b5af8732514e2e5, type: 2}
      propertyPath: m_LocalRotation.z
      value: 0
      objectReference: {fileID: 0}
    - target: {fileID: 4343181141091124, guid: 2763fd71d3b1c3e43b5af8732514e2e5, type: 2}
      propertyPath: m_LocalRotation.w
      value: 1
      objectReference: {fileID: 0}
    - target: {fileID: 4343181141091124, guid: 2763fd71d3b1c3e43b5af8732514e2e5, type: 2}
      propertyPath: m_RootOrder
      value: 2
      objectReference: {fileID: 0}
    - target: {fileID: 1820323754853446, guid: 2763fd71d3b1c3e43b5af8732514e2e5, type: 2}
      propertyPath: m_Name
      value: PlayableSpace (2)
      objectReference: {fileID: 0}
    - target: {fileID: 61084495080216018, guid: 2763fd71d3b1c3e43b5af8732514e2e5,
        type: 2}
      propertyPath: m_Offset.x
      value: -1.8058434
      objectReference: {fileID: 0}
    - target: {fileID: 61084495080216018, guid: 2763fd71d3b1c3e43b5af8732514e2e5,
        type: 2}
      propertyPath: m_Size.x
      value: 13.442482
      objectReference: {fileID: 0}
    - target: {fileID: 61084495080216018, guid: 2763fd71d3b1c3e43b5af8732514e2e5,
        type: 2}
      propertyPath: m_Offset.y
      value: -3.0431423
      objectReference: {fileID: 0}
    - target: {fileID: 61084495080216018, guid: 2763fd71d3b1c3e43b5af8732514e2e5,
        type: 2}
      propertyPath: m_Size.y
      value: 46.900623
      objectReference: {fileID: 0}
    m_RemovedComponents: []
  m_ParentPrefab: {fileID: 100100000, guid: 2763fd71d3b1c3e43b5af8732514e2e5, type: 2}
  m_IsPrefabParent: 0
--- !u!1001 &806001767
Prefab:
  m_ObjectHideFlags: 0
  serializedVersion: 2
  m_Modification:
    m_TransformParent: {fileID: 0}
    m_Modifications:
    - target: {fileID: 4083212941825770, guid: 564b2497ac0a2544592110edf4d3ba23, type: 2}
      propertyPath: m_LocalPosition.x
      value: -45.5
      objectReference: {fileID: 0}
    - target: {fileID: 4083212941825770, guid: 564b2497ac0a2544592110edf4d3ba23, type: 2}
      propertyPath: m_LocalPosition.y
      value: 6.9
      objectReference: {fileID: 0}
    - target: {fileID: 4083212941825770, guid: 564b2497ac0a2544592110edf4d3ba23, type: 2}
      propertyPath: m_LocalPosition.z
      value: 0
      objectReference: {fileID: 0}
    - target: {fileID: 4083212941825770, guid: 564b2497ac0a2544592110edf4d3ba23, type: 2}
      propertyPath: m_LocalRotation.x
      value: 0
      objectReference: {fileID: 0}
    - target: {fileID: 4083212941825770, guid: 564b2497ac0a2544592110edf4d3ba23, type: 2}
      propertyPath: m_LocalRotation.y
      value: 0
      objectReference: {fileID: 0}
    - target: {fileID: 4083212941825770, guid: 564b2497ac0a2544592110edf4d3ba23, type: 2}
      propertyPath: m_LocalRotation.z
      value: 0
      objectReference: {fileID: 0}
    - target: {fileID: 4083212941825770, guid: 564b2497ac0a2544592110edf4d3ba23, type: 2}
      propertyPath: m_LocalRotation.w
      value: 1
      objectReference: {fileID: 0}
    - target: {fileID: 4083212941825770, guid: 564b2497ac0a2544592110edf4d3ba23, type: 2}
      propertyPath: m_RootOrder
      value: 13
      objectReference: {fileID: 0}
    m_RemovedComponents: []
  m_ParentPrefab: {fileID: 100100000, guid: 564b2497ac0a2544592110edf4d3ba23, type: 2}
  m_IsPrefabParent: 0
--- !u!1001 &840282768
Prefab:
  m_ObjectHideFlags: 0
  serializedVersion: 2
  m_Modification:
    m_TransformParent: {fileID: 0}
    m_Modifications:
    - target: {fileID: 4161822459890180, guid: 7a0d480e351aa214e840eb73c8cf7ba3, type: 2}
      propertyPath: m_LocalPosition.x
      value: -25.9
      objectReference: {fileID: 0}
    - target: {fileID: 4161822459890180, guid: 7a0d480e351aa214e840eb73c8cf7ba3, type: 2}
      propertyPath: m_LocalPosition.y
      value: 2
      objectReference: {fileID: 0}
    - target: {fileID: 4161822459890180, guid: 7a0d480e351aa214e840eb73c8cf7ba3, type: 2}
      propertyPath: m_LocalPosition.z
      value: 0
      objectReference: {fileID: 0}
    - target: {fileID: 4161822459890180, guid: 7a0d480e351aa214e840eb73c8cf7ba3, type: 2}
      propertyPath: m_LocalRotation.x
      value: 0
      objectReference: {fileID: 0}
    - target: {fileID: 4161822459890180, guid: 7a0d480e351aa214e840eb73c8cf7ba3, type: 2}
      propertyPath: m_LocalRotation.y
      value: 0
      objectReference: {fileID: 0}
    - target: {fileID: 4161822459890180, guid: 7a0d480e351aa214e840eb73c8cf7ba3, type: 2}
      propertyPath: m_LocalRotation.z
      value: 0
      objectReference: {fileID: 0}
    - target: {fileID: 4161822459890180, guid: 7a0d480e351aa214e840eb73c8cf7ba3, type: 2}
      propertyPath: m_LocalRotation.w
      value: 1
      objectReference: {fileID: 0}
    - target: {fileID: 4161822459890180, guid: 7a0d480e351aa214e840eb73c8cf7ba3, type: 2}
      propertyPath: m_RootOrder
      value: 22
      objectReference: {fileID: 0}
    - target: {fileID: 114834723655037670, guid: 7a0d480e351aa214e840eb73c8cf7ba3,
        type: 2}
      propertyPath: targetTf
      value: 
      objectReference: {fileID: 1451608566}
    - target: {fileID: 114834723655037670, guid: 7a0d480e351aa214e840eb73c8cf7ba3,
        type: 2}
      propertyPath: nm
      value: 
      objectReference: {fileID: 1451608571}
    - target: {fileID: 114294652454324950, guid: 7a0d480e351aa214e840eb73c8cf7ba3,
        type: 2}
      propertyPath: targetTf
      value: 
      objectReference: {fileID: 1451608566}
    m_RemovedComponents:
    - {fileID: 114294652454324950, guid: 7a0d480e351aa214e840eb73c8cf7ba3, type: 2}
    - {fileID: 114834723655037670, guid: 7a0d480e351aa214e840eb73c8cf7ba3, type: 2}
  m_ParentPrefab: {fileID: 100100000, guid: 7a0d480e351aa214e840eb73c8cf7ba3, type: 2}
  m_IsPrefabParent: 0
--- !u!1 &1081759055
GameObject:
  m_ObjectHideFlags: 0
  m_PrefabParentObject: {fileID: 0}
  m_PrefabInternal: {fileID: 0}
  serializedVersion: 5
  m_Component:
  - component: {fileID: 1081759059}
  - component: {fileID: 1081759058}
  m_Layer: 0
  m_Name: Background
  m_TagString: Untagged
  m_Icon: {fileID: 0}
  m_NavMeshLayer: 0
  m_StaticEditorFlags: 0
  m_IsActive: 1
--- !u!212 &1081759058
SpriteRenderer:
  m_ObjectHideFlags: 0
  m_PrefabParentObject: {fileID: 0}
  m_PrefabInternal: {fileID: 0}
  m_GameObject: {fileID: 1081759055}
  m_Enabled: 1
  m_CastShadows: 0
  m_ReceiveShadows: 0
  m_DynamicOccludee: 1
  m_MotionVectors: 1
  m_LightProbeUsage: 1
  m_ReflectionProbeUsage: 1
  m_Materials:
  - {fileID: 10754, guid: 0000000000000000f000000000000000, type: 0}
  m_StaticBatchInfo:
    firstSubMesh: 0
    subMeshCount: 0
  m_StaticBatchRoot: {fileID: 0}
  m_ProbeAnchor: {fileID: 0}
  m_LightProbeVolumeOverride: {fileID: 0}
  m_ScaleInLightmap: 1
  m_PreserveUVs: 0
  m_IgnoreNormalsForChartDetection: 0
  m_ImportantGI: 0
  m_StitchLightmapSeams: 0
  m_SelectedEditorRenderState: 0
  m_MinimumChartSize: 4
  m_AutoUVMaxDistance: 0.5
  m_AutoUVMaxAngle: 89
  m_LightmapParameters: {fileID: 0}
  m_SortingLayerID: 0
  m_SortingLayer: 0
  m_SortingOrder: -1
  m_Sprite: {fileID: 21300000, guid: 1cbcc08dc70cc6a4d97058091bb75c24, type: 3}
  m_Color: {r: 1, g: 1, b: 1, a: 1}
  m_FlipX: 0
  m_FlipY: 0
  m_DrawMode: 0
  m_Size: {x: 19.2, y: 10.8}
  m_AdaptiveModeThreshold: 0.5
  m_SpriteTileMode: 0
  m_WasSpriteAssigned: 1
  m_MaskInteraction: 0
--- !u!4 &1081759059
Transform:
  m_ObjectHideFlags: 0
  m_PrefabParentObject: {fileID: 0}
  m_PrefabInternal: {fileID: 0}
  m_GameObject: {fileID: 1081759055}
  m_LocalRotation: {x: 0, y: 0, z: 0, w: 1}
  m_LocalPosition: {x: 12.44, y: 10.39, z: 0}
  m_LocalScale: {x: 2.9373374, y: 2.2438798, z: 1}
  m_Children: []
  m_Father: {fileID: 0}
  m_RootOrder: 25
  m_LocalEulerAnglesHint: {x: 0, y: 0, z: 0}
--- !u!1 &1109400868
GameObject:
  m_ObjectHideFlags: 0
  m_PrefabParentObject: {fileID: 1826902599905622, guid: 88f33d9c4a66b464e8899e8027cbc55a,
    type: 2}
  m_PrefabInternal: {fileID: 301114720}
  serializedVersion: 5
  m_Component:
  - component: {fileID: 1109400872}
  - component: {fileID: 1109400871}
  - component: {fileID: 1109400869}
  - component: {fileID: 1109400870}
  m_Layer: 0
  m_Name: NextlvlCoin
  m_TagString: Untagged
  m_Icon: {fileID: 0}
  m_NavMeshLayer: 0
  m_StaticEditorFlags: 0
  m_IsActive: 1
--- !u!60 &1109400869
PolygonCollider2D:
  m_ObjectHideFlags: 0
  m_PrefabParentObject: {fileID: 60431749751342224, guid: 88f33d9c4a66b464e8899e8027cbc55a,
    type: 2}
  m_PrefabInternal: {fileID: 301114720}
  m_GameObject: {fileID: 1109400868}
  m_Enabled: 1
  m_Density: 1
  m_Material: {fileID: 0}
  m_IsTrigger: 0
  m_UsedByEffector: 0
  m_UsedByComposite: 0
  m_Offset: {x: 0, y: 0}
  m_SpriteTilingProperty:
    border: {x: 0, y: 0, z: 0, w: 0}
    pivot: {x: 0.5, y: 0.5}
    oldSize: {x: 20, y: 21}
    newSize: {x: 20, y: 21}
    adaptiveTilingThreshold: 0.5
    drawMode: 0
    adaptiveTiling: 0
  m_AutoTiling: 0
  m_Points:
    m_Paths:
    - - {x: 4.266667, y: 8.523077}
      - {x: -5.497436, y: 8.523077}
      - {x: -5.7128205, y: 8.492308}
      - {x: -5.0153847, y: 7.497436}
      - {x: -6.020513, y: 6.5538464}
      - {x: -7.0153847, y: 4.666667}
      - {x: -7.0153847, y: -3.5589745}
      - {x: -6.020513, y: -5.497436}
      - {x: -6, y: -5.517949}
      - {x: -4.2871795, y: -7.517949}
      - {x: 4.6871796, y: -7.517949}
      - {x: 5.8564105, y: -7.34359}
      - {x: 7.0153847, y: -2.7076924}
      - {x: 7.0153847, y: 3.5692308}
      - {x: 5.046154, y: 7.517949}
--- !u!114 &1109400870
MonoBehaviour:
  m_ObjectHideFlags: 0
  m_PrefabParentObject: {fileID: 0}
  m_PrefabInternal: {fileID: 0}
  m_GameObject: {fileID: 1109400868}
  m_Enabled: 1
  m_EditorHideFlags: 0
  m_Script: {fileID: 11500000, guid: 765d7fc30d4e640428f463b776a6300e, type: 3}
  m_Name: 
  m_EditorClassIdentifier: 
  soundToPlay: {fileID: 8300000, guid: ac50fc3a7cc96434eaa5a847f35d4689, type: 3}
--- !u!212 &1109400871
SpriteRenderer:
  m_ObjectHideFlags: 0
  m_PrefabParentObject: {fileID: 212635340521519698, guid: 88f33d9c4a66b464e8899e8027cbc55a,
    type: 2}
  m_PrefabInternal: {fileID: 301114720}
  m_GameObject: {fileID: 1109400868}
  m_Enabled: 1
  m_CastShadows: 0
  m_ReceiveShadows: 0
  m_DynamicOccludee: 1
  m_MotionVectors: 1
  m_LightProbeUsage: 1
  m_ReflectionProbeUsage: 1
  m_Materials:
  - {fileID: 10754, guid: 0000000000000000f000000000000000, type: 0}
  m_StaticBatchInfo:
    firstSubMesh: 0
    subMeshCount: 0
  m_StaticBatchRoot: {fileID: 0}
  m_ProbeAnchor: {fileID: 0}
  m_LightProbeVolumeOverride: {fileID: 0}
  m_ScaleInLightmap: 1
  m_PreserveUVs: 0
  m_IgnoreNormalsForChartDetection: 0
  m_ImportantGI: 0
  m_StitchLightmapSeams: 0
  m_SelectedEditorRenderState: 0
  m_MinimumChartSize: 4
  m_AutoUVMaxDistance: 0.5
  m_AutoUVMaxAngle: 89
  m_LightmapParameters: {fileID: 0}
  m_SortingLayerID: 0
  m_SortingLayer: 0
  m_SortingOrder: 0
  m_Sprite: {fileID: 21300000, guid: 08526a659ec156f41846a54c03588564, type: 3}
  m_Color: {r: 1, g: 1, b: 1, a: 1}
  m_FlipX: 0
  m_FlipY: 0
  m_DrawMode: 0
  m_Size: {x: 20, y: 21}
  m_AdaptiveModeThreshold: 0.5
  m_SpriteTileMode: 0
  m_WasSpriteAssigned: 1
  m_MaskInteraction: 0
--- !u!4 &1109400872
Transform:
  m_ObjectHideFlags: 0
  m_PrefabParentObject: {fileID: 4815428846981182, guid: 88f33d9c4a66b464e8899e8027cbc55a,
    type: 2}
  m_PrefabInternal: {fileID: 301114720}
  m_GameObject: {fileID: 1109400868}
  m_LocalRotation: {x: 0, y: 0, z: 0, w: 1}
  m_LocalPosition: {x: 64.35, y: 1.41, z: 0}
  m_LocalScale: {x: 0.09, y: 0.09, z: 1}
  m_Children: []
  m_Father: {fileID: 0}
  m_RootOrder: 28
  m_LocalEulerAnglesHint: {x: 0, y: 0, z: 0}
--- !u!1001 &1194038226
Prefab:
  m_ObjectHideFlags: 0
  serializedVersion: 2
  m_Modification:
    m_TransformParent: {fileID: 0}
    m_Modifications:
    - target: {fileID: 4083212941825770, guid: 564b2497ac0a2544592110edf4d3ba23, type: 2}
      propertyPath: m_LocalPosition.x
      value: 14.8
      objectReference: {fileID: 0}
    - target: {fileID: 4083212941825770, guid: 564b2497ac0a2544592110edf4d3ba23, type: 2}
      propertyPath: m_LocalPosition.y
      value: 4.1
      objectReference: {fileID: 0}
    - target: {fileID: 4083212941825770, guid: 564b2497ac0a2544592110edf4d3ba23, type: 2}
      propertyPath: m_LocalPosition.z
      value: 0
      objectReference: {fileID: 0}
    - target: {fileID: 4083212941825770, guid: 564b2497ac0a2544592110edf4d3ba23, type: 2}
      propertyPath: m_LocalRotation.x
      value: 0
      objectReference: {fileID: 0}
    - target: {fileID: 4083212941825770, guid: 564b2497ac0a2544592110edf4d3ba23, type: 2}
      propertyPath: m_LocalRotation.y
      value: 0
      objectReference: {fileID: 0}
    - target: {fileID: 4083212941825770, guid: 564b2497ac0a2544592110edf4d3ba23, type: 2}
      propertyPath: m_LocalRotation.z
      value: 0
      objectReference: {fileID: 0}
    - target: {fileID: 4083212941825770, guid: 564b2497ac0a2544592110edf4d3ba23, type: 2}
      propertyPath: m_LocalRotation.w
      value: 1
      objectReference: {fileID: 0}
    - target: {fileID: 4083212941825770, guid: 564b2497ac0a2544592110edf4d3ba23, type: 2}
      propertyPath: m_RootOrder
      value: 12
      objectReference: {fileID: 0}
    - target: {fileID: 1865439467651808, guid: 564b2497ac0a2544592110edf4d3ba23, type: 2}
      propertyPath: m_Name
      value: Pillars (1)
      objectReference: {fileID: 0}
    - target: {fileID: 4083212941825770, guid: 564b2497ac0a2544592110edf4d3ba23, type: 2}
      propertyPath: m_LocalScale.x
      value: 2
      objectReference: {fileID: 0}
    - target: {fileID: 4083212941825770, guid: 564b2497ac0a2544592110edf4d3ba23, type: 2}
      propertyPath: m_LocalScale.y
      value: 1.9
      objectReference: {fileID: 0}
    m_RemovedComponents:
    - {fileID: 0}
  m_ParentPrefab: {fileID: 100100000, guid: 564b2497ac0a2544592110edf4d3ba23, type: 2}
  m_IsPrefabParent: 0
--- !u!1 &1194038227 stripped
GameObject:
  m_PrefabParentObject: {fileID: 1865439467651808, guid: 564b2497ac0a2544592110edf4d3ba23,
    type: 2}
  m_PrefabInternal: {fileID: 1194038226}
--- !u!60 &1194038228
PolygonCollider2D:
  m_ObjectHideFlags: 0
  m_PrefabParentObject: {fileID: 0}
  m_PrefabInternal: {fileID: 0}
  m_GameObject: {fileID: 1194038227}
  m_Enabled: 1
  m_Density: 1
  m_Material: {fileID: 0}
  m_IsTrigger: 0
  m_UsedByEffector: 0
  m_UsedByComposite: 0
  m_Offset: {x: 0, y: 0}
  m_SpriteTilingProperty:
    border: {x: 0, y: 0, z: 0, w: 0}
    pivot: {x: 0.5, y: 0.5}
    oldSize: {x: 4.12, y: 5.15}
    newSize: {x: 0.7, y: 0.7}
    adaptiveTilingThreshold: 0.5
    drawMode: 0
    adaptiveTiling: 0
  m_AutoTiling: 0
  m_Points:
    m_Paths:
    - - {x: 1.86, y: -2.475}
      - {x: 1.9599999, y: -2.445}
      - {x: 2.06, y: -2.365}
      - {x: 2.06, y: -1.0749999}
      - {x: 2.03, y: -0.555}
      - {x: 2.06, y: -0.545}
      - {x: 2.06, y: -0.39499998}
      - {x: 2.03, y: -0.39499998}
      - {x: 2.03, y: 1.225}
      - {x: 2.06, y: 1.255}
      - {x: 2.06, y: 1.4449999}
      - {x: 2.04, y: 1.475}
      - {x: 2.04, y: 2.0349998}
      - {x: 2.03, y: 2.235}
      - {x: 1.9799999, y: 2.325}
      - {x: 1.75, y: 2.315}
      - {x: 1.75, y: 2.405}
      - {x: 1.68, y: 2.445}
      - {x: 1.41, y: 2.495}
      - {x: 1.3299999, y: 2.5049999}
      - {x: 1.14, y: 2.445}
      - {x: 0.9, y: 2.365}
      - {x: 0.9, y: 2.5449998}
      - {x: 0.88, y: 2.565}
      - {x: 0.81, y: 2.575}
      - {x: 0.25, y: 2.575}
      - {x: 0.22999999, y: 2.395}
      - {x: 0.22999999, y: 2.0449998}
      - {x: -0.22999999, y: 2.385}
      - {x: -0.25, y: 2.575}
      - {x: -0.79999995, y: 2.575}
      - {x: -0.88, y: 2.565}
      - {x: -0.9, y: 2.5449998}
      - {x: -0.95, y: 2.395}
      - {x: -1.35, y: 2.5149999}
      - {x: -1.7099999, y: 2.425}
      - {x: -1.74, y: 2.395}
      - {x: -1.9, y: 2.345}
      - {x: -2.02, y: 2.2749999}
      - {x: -2.03, y: 2.065}
      - {x: -2.03, y: 1.4649999}
      - {x: -2.06, y: 1.435}
      - {x: -2.06, y: 1.255}
      - {x: -2.03, y: 1.225}
      - {x: -2.06, y: -0.095}
      - {x: -2.06, y: -0.545}
      - {x: -2.03, y: -0.555}
      - {x: -2.05, y: -1.165}
      - {x: -2.05, y: -2.355}
      - {x: -2, y: -2.425}
      - {x: -1.7099999, y: -2.5149999}
      - {x: -1.5799999, y: -2.5249999}
      - {x: -0.97999996, y: -2.575}
      - {x: 0.91999996, y: -2.575}
      - {x: 1.0799999, y: -2.565}
      - {x: 1.3, y: -2.5449998}
    - - {x: -0.08, y: 0.695}
      - {x: 0.07, y: 0.695}
      - {x: 0.07, y: 0.615}
      - {x: -0.08, y: 0.615}
--- !u!1 &1451608561
GameObject:
  m_ObjectHideFlags: 0
  m_PrefabParentObject: {fileID: 0}
  m_PrefabInternal: {fileID: 0}
  serializedVersion: 5
  m_Component:
  - component: {fileID: 1451608566}
  - component: {fileID: 1451608565}
  - component: {fileID: 1451608563}
  - component: {fileID: 1451608562}
  - component: {fileID: 1451608567}
  - component: {fileID: 1451608568}
  - component: {fileID: 1451608569}
  - component: {fileID: 1451608564}
  - component: {fileID: 1451608570}
  - component: {fileID: 1451608571}
  - component: {fileID: 1451608572}
  m_Layer: 0
  m_Name: PlayerPawn
  m_TagString: Untagged
  m_Icon: {fileID: 0}
  m_NavMeshLayer: 0
  m_StaticEditorFlags: 0
  m_IsActive: 1
--- !u!114 &1451608562
MonoBehaviour:
  m_ObjectHideFlags: 0
  m_PrefabParentObject: {fileID: 0}
  m_PrefabInternal: {fileID: 0}
  m_GameObject: {fileID: 1451608561}
  m_Enabled: 1
  m_EditorHideFlags: 0
  m_Script: {fileID: 11500000, guid: 8eb349899453f7743a36c66188c53391, type: 3}
  m_Name: 
  m_EditorClassIdentifier: 
  moveSpeed: 8
  jumpForce: 500
  isGrounded: 0
  groundDistance: 1
  jumpsLeft: 2
--- !u!50 &1451608563
Rigidbody2D:
  serializedVersion: 4
  m_ObjectHideFlags: 0
  m_PrefabParentObject: {fileID: 0}
  m_PrefabInternal: {fileID: 0}
  m_GameObject: {fileID: 1451608561}
  m_BodyType: 0
  m_Simulated: 1
  m_UseFullKinematicContacts: 0
  m_UseAutoMass: 0
  m_Mass: 1
  m_LinearDrag: 0
  m_AngularDrag: 0
  m_GravityScale: 1
  m_Material: {fileID: 0}
  m_Interpolate: 0
  m_SleepingMode: 1
  m_CollisionDetection: 0
  m_Constraints: 4
--- !u!60 &1451608564
PolygonCollider2D:
  m_ObjectHideFlags: 0
  m_PrefabParentObject: {fileID: 0}
  m_PrefabInternal: {fileID: 0}
  m_GameObject: {fileID: 1451608561}
  m_Enabled: 1
  m_Density: 1
  m_Material: {fileID: 0}
  m_IsTrigger: 0
  m_UsedByEffector: 0
  m_UsedByComposite: 0
  m_Offset: {x: 0, y: 0}
  m_SpriteTilingProperty:
    border: {x: 0, y: 0, z: 0, w: 0}
    pivot: {x: 0.5, y: 0.5}
    oldSize: {x: 1.57, y: 1.28}
    newSize: {x: 1.57, y: 1.28}
    adaptiveTilingThreshold: 0.5
    drawMode: 0
    adaptiveTiling: 0
  m_AutoTiling: 0
  m_Points:
    m_Paths:
    - - {x: -0.72499996, y: 0.64}
      - {x: -0.78499997, y: 0.59}
      - {x: -0.78499997, y: -0.59999996}
      - {x: -0.72499996, y: -0.64}
      - {x: 0.755, y: -0.64}
      - {x: 0.78499997, y: -0.62}
      - {x: 0.78499997, y: 0.64}
--- !u!212 &1451608565
SpriteRenderer:
  m_ObjectHideFlags: 0
  m_PrefabParentObject: {fileID: 0}
  m_PrefabInternal: {fileID: 0}
  m_GameObject: {fileID: 1451608561}
  m_Enabled: 1
  m_CastShadows: 0
  m_ReceiveShadows: 0
  m_DynamicOccludee: 1
  m_MotionVectors: 1
  m_LightProbeUsage: 1
  m_ReflectionProbeUsage: 1
  m_Materials:
  - {fileID: 10754, guid: 0000000000000000f000000000000000, type: 0}
  m_StaticBatchInfo:
    firstSubMesh: 0
    subMeshCount: 0
  m_StaticBatchRoot: {fileID: 0}
  m_ProbeAnchor: {fileID: 0}
  m_LightProbeVolumeOverride: {fileID: 0}
  m_ScaleInLightmap: 1
  m_PreserveUVs: 0
  m_IgnoreNormalsForChartDetection: 0
  m_ImportantGI: 0
  m_StitchLightmapSeams: 0
  m_SelectedEditorRenderState: 0
  m_MinimumChartSize: 4
  m_AutoUVMaxDistance: 0.5
  m_AutoUVMaxAngle: 89
  m_LightmapParameters: {fileID: 0}
  m_SortingLayerID: 0
  m_SortingLayer: 0
  m_SortingOrder: 0
  m_Sprite: {fileID: 21300000, guid: 13e82ddc2d95f8d43a73449a28e6578b, type: 3}
  m_Color: {r: 1, g: 1, b: 1, a: 1}
  m_FlipX: 0
  m_FlipY: 0
  m_DrawMode: 0
  m_Size: {x: 1.57, y: 1.28}
  m_AdaptiveModeThreshold: 0.5
  m_SpriteTileMode: 0
  m_WasSpriteAssigned: 1
  m_MaskInteraction: 0
--- !u!4 &1451608566
Transform:
  m_ObjectHideFlags: 0
  m_PrefabParentObject: {fileID: 0}
  m_PrefabInternal: {fileID: 0}
  m_GameObject: {fileID: 1451608561}
  m_LocalRotation: {x: 0, y: 0, z: 0, w: 1}
  m_LocalPosition: {x: -39.6, y: 11.1, z: 0}
  m_LocalScale: {x: 1, y: 1, z: 1}
  m_Children:
  - {fileID: 704793134}
  - {fileID: 232571670}
  - {fileID: 1790666408}
  m_Father: {fileID: 0}
  m_RootOrder: 23
  m_LocalEulerAnglesHint: {x: 0, y: 0, z: 0}
--- !u!95 &1451608567
Animator:
  serializedVersion: 3
  m_ObjectHideFlags: 0
  m_PrefabParentObject: {fileID: 0}
  m_PrefabInternal: {fileID: 0}
  m_GameObject: {fileID: 1451608561}
  m_Enabled: 1
  m_Avatar: {fileID: 0}
  m_Controller: {fileID: 9100000, guid: 48c783af97ee5554c9bd5e31388d5109, type: 2}
  m_CullingMode: 0
  m_UpdateMode: 0
  m_ApplyRootMotion: 0
  m_LinearVelocityBlending: 0
  m_WarningMessage: 
  m_HasTransformHierarchy: 1
  m_AllowConstantClipSamplingOptimization: 1
--- !u!81 &1451608568
AudioListener:
  m_ObjectHideFlags: 0
  m_PrefabParentObject: {fileID: 0}
  m_PrefabInternal: {fileID: 0}
  m_GameObject: {fileID: 1451608561}
  m_Enabled: 1
--- !u!114 &1451608569
MonoBehaviour:
  m_ObjectHideFlags: 0
  m_PrefabParentObject: {fileID: 0}
  m_PrefabInternal: {fileID: 0}
  m_GameObject: {fileID: 1451608561}
  m_Enabled: 1
  m_EditorHideFlags: 0
  m_Script: {fileID: 11500000, guid: 3df3188a60f3cbf45acb114ac1f55290, type: 3}
  m_Name: 
  m_EditorClassIdentifier: 
  tf: {fileID: 1451608566}
  soundDeath: {fileID: 8300000, guid: 93549313a60f60a43a1b49a55a2ed0b7, type: 3}
  soundHit: {fileID: 8300000, guid: 467ee1100ea659940912d2e81700cf64, type: 3}
--- !u!114 &1451608570
MonoBehaviour:
  m_ObjectHideFlags: 0
  m_PrefabParentObject: {fileID: 0}
  m_PrefabInternal: {fileID: 0}
  m_GameObject: {fileID: 1451608561}
  m_Enabled: 1
  m_EditorHideFlags: 0
  m_Script: {fileID: 11500000, guid: b7ab540a407c6574cb1a2a1666ff288c, type: 3}
  m_Name: 
  m_EditorClassIdentifier: 
  bulletPrefab: {fileID: 1296366851783454, guid: e008383e897d424458ae7880510a74b9,
    type: 2}
  shootPoint: {fileID: 1790666408}
--- !u!114 &1451608571
MonoBehaviour:
  m_ObjectHideFlags: 0
  m_PrefabParentObject: {fileID: 0}
  m_PrefabInternal: {fileID: 0}
  m_GameObject: {fileID: 1451608561}
  m_Enabled: 1
  m_EditorHideFlags: 0
  m_Script: {fileID: 11500000, guid: 33a2e01a08853504f8ad061ba37df5ea, type: 3}
  m_Name: 
  m_EditorClassIdentifier: 
  volume: 1
--- !u!114 &1451608572
MonoBehaviour:
  m_ObjectHideFlags: 0
  m_PrefabParentObject: {fileID: 0}
  m_PrefabInternal: {fileID: 0}
  m_GameObject: {fileID: 1451608561}
  m_Enabled: 1
  m_EditorHideFlags: 0
  m_Script: {fileID: 11500000, guid: 5e1a35a1725f5494f8087e3896d8463c, type: 3}
  m_Name: 
  m_EditorClassIdentifier: 
--- !u!1 &1505716407
GameObject:
  m_ObjectHideFlags: 0
  m_PrefabParentObject: {fileID: 0}
  m_PrefabInternal: {fileID: 0}
  serializedVersion: 5
  m_Component:
  - component: {fileID: 1505716410}
  - component: {fileID: 1505716409}
  - component: {fileID: 1505716408}
  m_Layer: 0
  m_Name: Platform
  m_TagString: Untagged
  m_Icon: {fileID: 0}
  m_NavMeshLayer: 0
  m_StaticEditorFlags: 0
  m_IsActive: 1
--- !u!60 &1505716408
PolygonCollider2D:
  m_ObjectHideFlags: 0
  m_PrefabParentObject: {fileID: 0}
  m_PrefabInternal: {fileID: 0}
  m_GameObject: {fileID: 1505716407}
  m_Enabled: 1
  m_Density: 1
  m_Material: {fileID: 0}
  m_IsTrigger: 0
  m_UsedByEffector: 0
  m_UsedByComposite: 0
  m_Offset: {x: 0, y: 0}
  m_SpriteTilingProperty:
    border: {x: 0, y: 0, z: 0, w: 0}
    pivot: {x: 0.5, y: 0.5}
    oldSize: {x: 0.49, y: 0.44}
    newSize: {x: 0.7, y: 0.7}
    adaptiveTilingThreshold: 0.5
    drawMode: 0
    adaptiveTiling: 0
  m_AutoTiling: 0
  m_Points:
    m_Paths:
    - - {x: -0.24499999, y: 0.22}
      - {x: -0.24499999, y: -0.22}
      - {x: 0.24499999, y: -0.22}
      - {x: 0.24499999, y: 0.22}
--- !u!212 &1505716409
SpriteRenderer:
  m_ObjectHideFlags: 0
  m_PrefabParentObject: {fileID: 0}
  m_PrefabInternal: {fileID: 0}
  m_GameObject: {fileID: 1505716407}
  m_Enabled: 1
  m_CastShadows: 0
  m_ReceiveShadows: 0
  m_DynamicOccludee: 1
  m_MotionVectors: 1
  m_LightProbeUsage: 1
  m_ReflectionProbeUsage: 1
  m_Materials:
  - {fileID: 10754, guid: 0000000000000000f000000000000000, type: 0}
  m_StaticBatchInfo:
    firstSubMesh: 0
    subMeshCount: 0
  m_StaticBatchRoot: {fileID: 0}
  m_ProbeAnchor: {fileID: 0}
  m_LightProbeVolumeOverride: {fileID: 0}
  m_ScaleInLightmap: 1
  m_PreserveUVs: 0
  m_IgnoreNormalsForChartDetection: 0
  m_ImportantGI: 0
  m_StitchLightmapSeams: 0
  m_SelectedEditorRenderState: 0
  m_MinimumChartSize: 4
  m_AutoUVMaxDistance: 0.5
  m_AutoUVMaxAngle: 89
  m_LightmapParameters: {fileID: 0}
  m_SortingLayerID: 0
  m_SortingLayer: 0
  m_SortingOrder: 0
  m_Sprite: {fileID: 21300000, guid: 3f5af4fe80f13d04db2ffb1c0936a13f, type: 3}
  m_Color: {r: 1, g: 1, b: 1, a: 1}
  m_FlipX: 0
  m_FlipY: 0
  m_DrawMode: 0
  m_Size: {x: 0.7, y: 0.7}
  m_AdaptiveModeThreshold: 0.5
  m_SpriteTileMode: 0
  m_WasSpriteAssigned: 1
  m_MaskInteraction: 0
--- !u!4 &1505716410
Transform:
  m_ObjectHideFlags: 0
  m_PrefabParentObject: {fileID: 0}
  m_PrefabInternal: {fileID: 0}
  m_GameObject: {fileID: 1505716407}
  m_LocalRotation: {x: 0, y: 0, z: 0, w: 1}
  m_LocalPosition: {x: 12.83, y: -6.22, z: 0}
  m_LocalScale: {x: 254.82057, y: 27.37112, z: 1}
  m_Children: []
  m_Father: {fileID: 0}
  m_RootOrder: 24
  m_LocalEulerAnglesHint: {x: 0, y: 0, z: 0}
--- !u!1001 &1513899043
Prefab:
  m_ObjectHideFlags: 0
  serializedVersion: 2
  m_Modification:
    m_TransformParent: {fileID: 0}
    m_Modifications:
    - target: {fileID: 4343181141091124, guid: 2763fd71d3b1c3e43b5af8732514e2e5, type: 2}
      propertyPath: m_LocalPosition.x
      value: -55
      objectReference: {fileID: 0}
    - target: {fileID: 4343181141091124, guid: 2763fd71d3b1c3e43b5af8732514e2e5, type: 2}
      propertyPath: m_LocalPosition.y
      value: 13.728091
      objectReference: {fileID: 0}
    - target: {fileID: 4343181141091124, guid: 2763fd71d3b1c3e43b5af8732514e2e5, type: 2}
      propertyPath: m_LocalPosition.z
      value: -0.91912127
      objectReference: {fileID: 0}
    - target: {fileID: 4343181141091124, guid: 2763fd71d3b1c3e43b5af8732514e2e5, type: 2}
      propertyPath: m_LocalRotation.x
      value: 0
      objectReference: {fileID: 0}
    - target: {fileID: 4343181141091124, guid: 2763fd71d3b1c3e43b5af8732514e2e5, type: 2}
      propertyPath: m_LocalRotation.y
      value: 0
      objectReference: {fileID: 0}
    - target: {fileID: 4343181141091124, guid: 2763fd71d3b1c3e43b5af8732514e2e5, type: 2}
      propertyPath: m_LocalRotation.z
      value: 0
      objectReference: {fileID: 0}
    - target: {fileID: 4343181141091124, guid: 2763fd71d3b1c3e43b5af8732514e2e5, type: 2}
      propertyPath: m_LocalRotation.w
      value: 1
      objectReference: {fileID: 0}
    - target: {fileID: 4343181141091124, guid: 2763fd71d3b1c3e43b5af8732514e2e5, type: 2}
      propertyPath: m_RootOrder
      value: 30
      objectReference: {fileID: 0}
    - target: {fileID: 61084495080216018, guid: 2763fd71d3b1c3e43b5af8732514e2e5,
        type: 2}
      propertyPath: m_Offset.x
      value: -4.4451675
      objectReference: {fileID: 0}
    - target: {fileID: 61084495080216018, guid: 2763fd71d3b1c3e43b5af8732514e2e5,
        type: 2}
      propertyPath: m_Size.x
      value: 18.206726
      objectReference: {fileID: 0}
    - target: {fileID: 61084495080216018, guid: 2763fd71d3b1c3e43b5af8732514e2e5,
        type: 2}
      propertyPath: m_Offset.y
      value: -2.6184711
      objectReference: {fileID: 0}
    - target: {fileID: 61084495080216018, guid: 2763fd71d3b1c3e43b5af8732514e2e5,
        type: 2}
      propertyPath: m_Size.y
      value: 57.305553
      objectReference: {fileID: 0}
    m_RemovedComponents: []
  m_ParentPrefab: {fileID: 100100000, guid: 2763fd71d3b1c3e43b5af8732514e2e5, type: 2}
  m_IsPrefabParent: 0
--- !u!1001 &1551285883
Prefab:
  m_ObjectHideFlags: 0
  serializedVersion: 2
  m_Modification:
    m_TransformParent: {fileID: 0}
    m_Modifications:
    - target: {fileID: 4568130285840360, guid: 17106a58efe3fad4c8cd9b8f3a499b9a, type: 2}
      propertyPath: m_LocalPosition.x
      value: -28.57565
      objectReference: {fileID: 0}
    - target: {fileID: 4568130285840360, guid: 17106a58efe3fad4c8cd9b8f3a499b9a, type: 2}
      propertyPath: m_LocalPosition.y
      value: 3.5645056
      objectReference: {fileID: 0}
    - target: {fileID: 4568130285840360, guid: 17106a58efe3fad4c8cd9b8f3a499b9a, type: 2}
      propertyPath: m_LocalPosition.z
      value: 0
      objectReference: {fileID: 0}
    - target: {fileID: 4568130285840360, guid: 17106a58efe3fad4c8cd9b8f3a499b9a, type: 2}
      propertyPath: m_LocalRotation.x
      value: 0
      objectReference: {fileID: 0}
    - target: {fileID: 4568130285840360, guid: 17106a58efe3fad4c8cd9b8f3a499b9a, type: 2}
      propertyPath: m_LocalRotation.y
      value: 0
      objectReference: {fileID: 0}
    - target: {fileID: 4568130285840360, guid: 17106a58efe3fad4c8cd9b8f3a499b9a, type: 2}
      propertyPath: m_LocalRotation.z
      value: 0
      objectReference: {fileID: 0}
    - target: {fileID: 4568130285840360, guid: 17106a58efe3fad4c8cd9b8f3a499b9a, type: 2}
      propertyPath: m_LocalRotation.w
      value: 1
      objectReference: {fileID: 0}
    - target: {fileID: 4568130285840360, guid: 17106a58efe3fad4c8cd9b8f3a499b9a, type: 2}
      propertyPath: m_RootOrder
      value: 15
      objectReference: {fileID: 0}
    - target: {fileID: 1288171999792428, guid: 17106a58efe3fad4c8cd9b8f3a499b9a, type: 2}
      propertyPath: m_Name
      value: Sound_Coin (6)
      objectReference: {fileID: 0}
    - target: {fileID: 61632272758115584, guid: 17106a58efe3fad4c8cd9b8f3a499b9a,
        type: 2}
      propertyPath: m_UsedByEffector
      value: 0
      objectReference: {fileID: 0}
    - target: {fileID: 61632272758115584, guid: 17106a58efe3fad4c8cd9b8f3a499b9a,
        type: 2}
      propertyPath: m_UsedByComposite
      value: 0
      objectReference: {fileID: 0}
    m_RemovedComponents: []
  m_ParentPrefab: {fileID: 100100000, guid: 17106a58efe3fad4c8cd9b8f3a499b9a, type: 2}
  m_IsPrefabParent: 0
--- !u!1001 &1637135464
Prefab:
  m_ObjectHideFlags: 0
  serializedVersion: 2
  m_Modification:
    m_TransformParent: {fileID: 0}
    m_Modifications:
    - target: {fileID: 4568130285840360, guid: 17106a58efe3fad4c8cd9b8f3a499b9a, type: 2}
      propertyPath: m_LocalPosition.x
      value: 35.727314
      objectReference: {fileID: 0}
    - target: {fileID: 4568130285840360, guid: 17106a58efe3fad4c8cd9b8f3a499b9a, type: 2}
      propertyPath: m_LocalPosition.y
      value: 2.0136003
      objectReference: {fileID: 0}
    - target: {fileID: 4568130285840360, guid: 17106a58efe3fad4c8cd9b8f3a499b9a, type: 2}
      propertyPath: m_LocalPosition.z
      value: 0
      objectReference: {fileID: 0}
    - target: {fileID: 4568130285840360, guid: 17106a58efe3fad4c8cd9b8f3a499b9a, type: 2}
      propertyPath: m_LocalRotation.x
      value: 0
      objectReference: {fileID: 0}
    - target: {fileID: 4568130285840360, guid: 17106a58efe3fad4c8cd9b8f3a499b9a, type: 2}
      propertyPath: m_LocalRotation.y
      value: 0
      objectReference: {fileID: 0}
    - target: {fileID: 4568130285840360, guid: 17106a58efe3fad4c8cd9b8f3a499b9a, type: 2}
      propertyPath: m_LocalRotation.z
      value: 0
      objectReference: {fileID: 0}
    - target: {fileID: 4568130285840360, guid: 17106a58efe3fad4c8cd9b8f3a499b9a, type: 2}
      propertyPath: m_LocalRotation.w
      value: 1
      objectReference: {fileID: 0}
    - target: {fileID: 4568130285840360, guid: 17106a58efe3fad4c8cd9b8f3a499b9a, type: 2}
      propertyPath: m_RootOrder
      value: 16
      objectReference: {fileID: 0}
    - target: {fileID: 1288171999792428, guid: 17106a58efe3fad4c8cd9b8f3a499b9a, type: 2}
      propertyPath: m_Name
      value: Sound_Coin (5)
      objectReference: {fileID: 0}
    m_RemovedComponents: []
  m_ParentPrefab: {fileID: 100100000, guid: 17106a58efe3fad4c8cd9b8f3a499b9a, type: 2}
  m_IsPrefabParent: 0
--- !u!1001 &1724015566
Prefab:
  m_ObjectHideFlags: 0
  serializedVersion: 2
  m_Modification:
    m_TransformParent: {fileID: 0}
    m_Modifications:
    - target: {fileID: 4161822459890180, guid: 7a0d480e351aa214e840eb73c8cf7ba3, type: 2}
      propertyPath: m_LocalPosition.x
      value: 30.423481
      objectReference: {fileID: 0}
    - target: {fileID: 4161822459890180, guid: 7a0d480e351aa214e840eb73c8cf7ba3, type: 2}
      propertyPath: m_LocalPosition.y
      value: 5.9827285
      objectReference: {fileID: 0}
    - target: {fileID: 4161822459890180, guid: 7a0d480e351aa214e840eb73c8cf7ba3, type: 2}
      propertyPath: m_LocalPosition.z
      value: 0
      objectReference: {fileID: 0}
    - target: {fileID: 4161822459890180, guid: 7a0d480e351aa214e840eb73c8cf7ba3, type: 2}
      propertyPath: m_LocalRotation.x
      value: 0
      objectReference: {fileID: 0}
    - target: {fileID: 4161822459890180, guid: 7a0d480e351aa214e840eb73c8cf7ba3, type: 2}
      propertyPath: m_LocalRotation.y
      value: 0
      objectReference: {fileID: 0}
    - target: {fileID: 4161822459890180, guid: 7a0d480e351aa214e840eb73c8cf7ba3, type: 2}
      propertyPath: m_LocalRotation.z
      value: 0
      objectReference: {fileID: 0}
    - target: {fileID: 4161822459890180, guid: 7a0d480e351aa214e840eb73c8cf7ba3, type: 2}
      propertyPath: m_LocalRotation.w
      value: 1
      objectReference: {fileID: 0}
    - target: {fileID: 4161822459890180, guid: 7a0d480e351aa214e840eb73c8cf7ba3, type: 2}
      propertyPath: m_RootOrder
      value: 6
      objectReference: {fileID: 0}
    - target: {fileID: 1686538325737960, guid: 7a0d480e351aa214e840eb73c8cf7ba3, type: 2}
      propertyPath: m_Name
      value: Enemy (3)
      objectReference: {fileID: 0}
    m_RemovedComponents: []
  m_ParentPrefab: {fileID: 100100000, guid: 7a0d480e351aa214e840eb73c8cf7ba3, type: 2}
  m_IsPrefabParent: 0
--- !u!1001 &1729107315
Prefab:
  m_ObjectHideFlags: 0
  serializedVersion: 2
  m_Modification:
    m_TransformParent: {fileID: 0}
    m_Modifications:
    - target: {fileID: 4161822459890180, guid: 7a0d480e351aa214e840eb73c8cf7ba3, type: 2}
      propertyPath: m_LocalPosition.x
      value: 41.52309
      objectReference: {fileID: 0}
    - target: {fileID: 4161822459890180, guid: 7a0d480e351aa214e840eb73c8cf7ba3, type: 2}
      propertyPath: m_LocalPosition.y
      value: 11.989573
      objectReference: {fileID: 0}
    - target: {fileID: 4161822459890180, guid: 7a0d480e351aa214e840eb73c8cf7ba3, type: 2}
      propertyPath: m_LocalPosition.z
      value: 0
      objectReference: {fileID: 0}
    - target: {fileID: 4161822459890180, guid: 7a0d480e351aa214e840eb73c8cf7ba3, type: 2}
      propertyPath: m_LocalRotation.x
      value: 0
      objectReference: {fileID: 0}
    - target: {fileID: 4161822459890180, guid: 7a0d480e351aa214e840eb73c8cf7ba3, type: 2}
      propertyPath: m_LocalRotation.y
      value: 0
      objectReference: {fileID: 0}
    - target: {fileID: 4161822459890180, guid: 7a0d480e351aa214e840eb73c8cf7ba3, type: 2}
      propertyPath: m_LocalRotation.z
      value: 0
      objectReference: {fileID: 0}
    - target: {fileID: 4161822459890180, guid: 7a0d480e351aa214e840eb73c8cf7ba3, type: 2}
      propertyPath: m_LocalRotation.w
      value: 1
      objectReference: {fileID: 0}
    - target: {fileID: 4161822459890180, guid: 7a0d480e351aa214e840eb73c8cf7ba3, type: 2}
      propertyPath: m_RootOrder
      value: 5
      objectReference: {fileID: 0}
    - target: {fileID: 1686538325737960, guid: 7a0d480e351aa214e840eb73c8cf7ba3, type: 2}
      propertyPath: m_Name
      value: Enemy (4)
      objectReference: {fileID: 0}
    m_RemovedComponents: []
  m_ParentPrefab: {fileID: 100100000, guid: 7a0d480e351aa214e840eb73c8cf7ba3, type: 2}
  m_IsPrefabParent: 0
--- !u!1 &1790666407
GameObject:
  m_ObjectHideFlags: 0
  m_PrefabParentObject: {fileID: 0}
  m_PrefabInternal: {fileID: 0}
  serializedVersion: 5
  m_Component:
  - component: {fileID: 1790666408}
  m_Layer: 0
  m_Name: ShootPoint
  m_TagString: Untagged
  m_Icon: {fileID: -1577725955494882426, guid: 0000000000000000d000000000000000, type: 0}
  m_NavMeshLayer: 0
  m_StaticEditorFlags: 0
  m_IsActive: 1
--- !u!4 &1790666408
Transform:
  m_ObjectHideFlags: 0
  m_PrefabParentObject: {fileID: 0}
  m_PrefabInternal: {fileID: 0}
  m_GameObject: {fileID: 1790666407}
  m_LocalRotation: {x: -0, y: -0, z: -0, w: 1}
  m_LocalPosition: {x: 1.5, y: 0, z: 0}
  m_LocalScale: {x: 1, y: 1, z: 1}
  m_Children: []
  m_Father: {fileID: 1451608566}
  m_RootOrder: 2
  m_LocalEulerAnglesHint: {x: 0, y: 0, z: 0}
--- !u!1001 &1847664175
Prefab:
  m_ObjectHideFlags: 0
  serializedVersion: 2
  m_Modification:
    m_TransformParent: {fileID: 0}
    m_Modifications:
    - target: {fileID: 4083212941825770, guid: 564b2497ac0a2544592110edf4d3ba23, type: 2}
      propertyPath: m_LocalPosition.x
      value: 42.76
      objectReference: {fileID: 0}
    - target: {fileID: 4083212941825770, guid: 564b2497ac0a2544592110edf4d3ba23, type: 2}
      propertyPath: m_LocalPosition.y
      value: 4.91
      objectReference: {fileID: 0}
    - target: {fileID: 4083212941825770, guid: 564b2497ac0a2544592110edf4d3ba23, type: 2}
      propertyPath: m_LocalPosition.z
      value: 0
      objectReference: {fileID: 0}
    - target: {fileID: 4083212941825770, guid: 564b2497ac0a2544592110edf4d3ba23, type: 2}
      propertyPath: m_LocalRotation.x
      value: 0
      objectReference: {fileID: 0}
    - target: {fileID: 4083212941825770, guid: 564b2497ac0a2544592110edf4d3ba23, type: 2}
      propertyPath: m_LocalRotation.y
      value: 0
      objectReference: {fileID: 0}
    - target: {fileID: 4083212941825770, guid: 564b2497ac0a2544592110edf4d3ba23, type: 2}
      propertyPath: m_LocalRotation.z
      value: 0
      objectReference: {fileID: 0}
    - target: {fileID: 4083212941825770, guid: 564b2497ac0a2544592110edf4d3ba23, type: 2}
      propertyPath: m_LocalRotation.w
      value: 1
      objectReference: {fileID: 0}
    - target: {fileID: 4083212941825770, guid: 564b2497ac0a2544592110edf4d3ba23, type: 2}
      propertyPath: m_RootOrder
      value: 9
      objectReference: {fileID: 0}
    - target: {fileID: 1865439467651808, guid: 564b2497ac0a2544592110edf4d3ba23, type: 2}
      propertyPath: m_Name
      value: Pillars (4)
      objectReference: {fileID: 0}
    - target: {fileID: 4083212941825770, guid: 564b2497ac0a2544592110edf4d3ba23, type: 2}
      propertyPath: m_LocalScale.x
      value: 3
      objectReference: {fileID: 0}
    - target: {fileID: 4083212941825770, guid: 564b2497ac0a2544592110edf4d3ba23, type: 2}
      propertyPath: m_LocalScale.y
      value: 2
      objectReference: {fileID: 0}
    m_RemovedComponents:
    - {fileID: 0}
  m_ParentPrefab: {fileID: 100100000, guid: 564b2497ac0a2544592110edf4d3ba23, type: 2}
  m_IsPrefabParent: 0
--- !u!1 &1847664176 stripped
GameObject:
  m_PrefabParentObject: {fileID: 1865439467651808, guid: 564b2497ac0a2544592110edf4d3ba23,
    type: 2}
  m_PrefabInternal: {fileID: 1847664175}
--- !u!60 &1847664177
PolygonCollider2D:
  m_ObjectHideFlags: 0
  m_PrefabParentObject: {fileID: 0}
  m_PrefabInternal: {fileID: 0}
  m_GameObject: {fileID: 1847664176}
  m_Enabled: 1
  m_Density: 1
  m_Material: {fileID: 0}
  m_IsTrigger: 0
  m_UsedByEffector: 0
  m_UsedByComposite: 0
  m_Offset: {x: 0, y: 0}
  m_SpriteTilingProperty:
    border: {x: 0, y: 0, z: 0, w: 0}
    pivot: {x: 0.5, y: 0.5}
    oldSize: {x: 4.12, y: 5.15}
    newSize: {x: 0.7, y: 0.7}
    adaptiveTilingThreshold: 0.5
    drawMode: 0
    adaptiveTiling: 0
  m_AutoTiling: 0
  m_Points:
    m_Paths:
    - - {x: 1.86, y: -2.475}
      - {x: 1.9599999, y: -2.445}
      - {x: 2.06, y: -2.365}
      - {x: 2.06, y: -1.0749999}
      - {x: 2.03, y: -0.555}
      - {x: 2.06, y: -0.545}
      - {x: 2.06, y: -0.39499998}
      - {x: 2.03, y: -0.39499998}
      - {x: 2.03, y: 1.225}
      - {x: 2.06, y: 1.255}
      - {x: 2.06, y: 1.4449999}
      - {x: 2.04, y: 1.475}
      - {x: 2.04, y: 2.0349998}
      - {x: 2.03, y: 2.235}
      - {x: 1.9799999, y: 2.325}
      - {x: 1.75, y: 2.315}
      - {x: 1.75, y: 2.405}
      - {x: 1.68, y: 2.445}
      - {x: 1.41, y: 2.495}
      - {x: 1.3299999, y: 2.5049999}
      - {x: 1.14, y: 2.445}
      - {x: 0.9, y: 2.365}
      - {x: 0.9, y: 2.5449998}
      - {x: 0.88, y: 2.565}
      - {x: 0.81, y: 2.575}
      - {x: 0.25, y: 2.575}
      - {x: 0.22999999, y: 2.395}
      - {x: 0.22999999, y: 2.0449998}
      - {x: -0.22999999, y: 2.385}
      - {x: -0.25, y: 2.575}
      - {x: -0.79999995, y: 2.575}
      - {x: -0.88, y: 2.565}
      - {x: -0.9, y: 2.5449998}
      - {x: -0.95, y: 2.395}
      - {x: -1.35, y: 2.5149999}
      - {x: -1.7099999, y: 2.425}
      - {x: -1.74, y: 2.395}
      - {x: -1.9, y: 2.345}
      - {x: -2.02, y: 2.2749999}
      - {x: -2.03, y: 2.065}
      - {x: -2.03, y: 1.4649999}
      - {x: -2.06, y: 1.435}
      - {x: -2.06, y: 1.255}
      - {x: -2.03, y: 1.225}
      - {x: -2.06, y: -0.095}
      - {x: -2.06, y: -0.545}
      - {x: -2.03, y: -0.555}
      - {x: -2.05, y: -1.165}
      - {x: -2.05, y: -2.355}
      - {x: -2, y: -2.425}
      - {x: -1.7099999, y: -2.5149999}
      - {x: -1.5799999, y: -2.5249999}
      - {x: -0.97999996, y: -2.575}
      - {x: 0.91999996, y: -2.575}
      - {x: 1.0799999, y: -2.565}
      - {x: 1.3, y: -2.5449998}
    - - {x: -0.08, y: 0.695}
      - {x: 0.07, y: 0.695}
      - {x: 0.07, y: 0.615}
      - {x: -0.08, y: 0.615}
--- !u!1001 &1906295985
Prefab:
  m_ObjectHideFlags: 0
  serializedVersion: 2
  m_Modification:
    m_TransformParent: {fileID: 0}
    m_Modifications:
    - target: {fileID: 4161822459890180, guid: 7a0d480e351aa214e840eb73c8cf7ba3, type: 2}
      propertyPath: m_LocalPosition.x
      value: 12.925277
      objectReference: {fileID: 0}
    - target: {fileID: 4161822459890180, guid: 7a0d480e351aa214e840eb73c8cf7ba3, type: 2}
      propertyPath: m_LocalPosition.y
      value: 10.422575
      objectReference: {fileID: 0}
    - target: {fileID: 4161822459890180, guid: 7a0d480e351aa214e840eb73c8cf7ba3, type: 2}
      propertyPath: m_LocalPosition.z
      value: 0
      objectReference: {fileID: 0}
    - target: {fileID: 4161822459890180, guid: 7a0d480e351aa214e840eb73c8cf7ba3, type: 2}
      propertyPath: m_LocalRotation.x
      value: 0
      objectReference: {fileID: 0}
    - target: {fileID: 4161822459890180, guid: 7a0d480e351aa214e840eb73c8cf7ba3, type: 2}
      propertyPath: m_LocalRotation.y
      value: 0
      objectReference: {fileID: 0}
    - target: {fileID: 4161822459890180, guid: 7a0d480e351aa214e840eb73c8cf7ba3, type: 2}
      propertyPath: m_LocalRotation.z
      value: 0
      objectReference: {fileID: 0}
    - target: {fileID: 4161822459890180, guid: 7a0d480e351aa214e840eb73c8cf7ba3, type: 2}
      propertyPath: m_LocalRotation.w
      value: 1
      objectReference: {fileID: 0}
    - target: {fileID: 4161822459890180, guid: 7a0d480e351aa214e840eb73c8cf7ba3, type: 2}
      propertyPath: m_RootOrder
      value: 7
      objectReference: {fileID: 0}
    - target: {fileID: 1686538325737960, guid: 7a0d480e351aa214e840eb73c8cf7ba3, type: 2}
      propertyPath: m_Name
      value: Enemy (2)
      objectReference: {fileID: 0}
    m_RemovedComponents: []
  m_ParentPrefab: {fileID: 100100000, guid: 7a0d480e351aa214e840eb73c8cf7ba3, type: 2}
  m_IsPrefabParent: 0
--- !u!1 &1923816159
GameObject:
  m_ObjectHideFlags: 0
  m_PrefabParentObject: {fileID: 0}
  m_PrefabInternal: {fileID: 0}
  serializedVersion: 5
  m_Component:
  - component: {fileID: 1923816163}
  - component: {fileID: 1923816162}
  m_Layer: 0
  m_Name: Audio Source
  m_TagString: Untagged
  m_Icon: {fileID: 0}
  m_NavMeshLayer: 0
  m_StaticEditorFlags: 0
  m_IsActive: 1
--- !u!82 &1923816162
AudioSource:
  m_ObjectHideFlags: 0
  m_PrefabParentObject: {fileID: 0}
  m_PrefabInternal: {fileID: 0}
  m_GameObject: {fileID: 1923816159}
  m_Enabled: 1
  serializedVersion: 4
  OutputAudioMixerGroup: {fileID: 0}
  m_audioClip: {fileID: 8300000, guid: 00b6e4f57b6dbbb439c82e52de743387, type: 3}
  m_PlayOnAwake: 1
  m_Volume: 1
  m_Pitch: 1
  Loop: 1
  Mute: 0
  Spatialize: 0
  SpatializePostEffects: 0
  Priority: 128
  DopplerLevel: 1
  MinDistance: 1
  MaxDistance: 500
  Pan2D: 0
  rolloffMode: 0
  BypassEffects: 0
  BypassListenerEffects: 0
  BypassReverbZones: 0
  rolloffCustomCurve:
    serializedVersion: 2
    m_Curve:
    - serializedVersion: 2
      time: 0
      value: 1
      inSlope: 0
      outSlope: 0
      tangentMode: 0
    - serializedVersion: 2
      time: 1
      value: 0
      inSlope: 0
      outSlope: 0
      tangentMode: 0
    m_PreInfinity: 2
    m_PostInfinity: 2
    m_RotationOrder: 4
  panLevelCustomCurve:
    serializedVersion: 2
    m_Curve:
    - serializedVersion: 2
      time: 0
      value: 0
      inSlope: 0
      outSlope: 0
      tangentMode: 0
    m_PreInfinity: 2
    m_PostInfinity: 2
    m_RotationOrder: 0
  spreadCustomCurve:
    serializedVersion: 2
    m_Curve:
    - serializedVersion: 2
      time: 0
      value: 0
      inSlope: 0
      outSlope: 0
      tangentMode: 0
    m_PreInfinity: 2
    m_PostInfinity: 2
    m_RotationOrder: 4
  reverbZoneMixCustomCurve:
    serializedVersion: 2
    m_Curve:
    - serializedVersion: 2
      time: 0
      value: 1
      inSlope: 0
      outSlope: 0
      tangentMode: 0
    m_PreInfinity: 2
    m_PostInfinity: 2
    m_RotationOrder: 0
--- !u!4 &1923816163
Transform:
  m_ObjectHideFlags: 0
  m_PrefabParentObject: {fileID: 0}
  m_PrefabInternal: {fileID: 0}
  m_GameObject: {fileID: 1923816159}
  m_LocalRotation: {x: -0, y: -0, z: -0, w: 1}
  m_LocalPosition: {x: -4.503003, y: 6.16346, z: -0.19258708}
  m_LocalScale: {x: 1, y: 1, z: 1}
  m_Children: []
  m_Father: {fileID: 0}
  m_RootOrder: 26
  m_LocalEulerAnglesHint: {x: 0, y: 0, z: 0}
--- !u!1 &1972348218
GameObject:
  m_ObjectHideFlags: 0
  m_PrefabParentObject: {fileID: 0}
  m_PrefabInternal: {fileID: 0}
  serializedVersion: 5
  m_Component:
  - component: {fileID: 1972348220}
  - component: {fileID: 1972348219}
  - component: {fileID: 1972348221}
  m_Layer: 0
  m_Name: End
  m_TagString: Untagged
  m_Icon: {fileID: 0}
  m_NavMeshLayer: 0
  m_StaticEditorFlags: 0
  m_IsActive: 1
--- !u!212 &1972348219
SpriteRenderer:
  m_ObjectHideFlags: 0
  m_PrefabParentObject: {fileID: 0}
  m_PrefabInternal: {fileID: 0}
  m_GameObject: {fileID: 1972348218}
  m_Enabled: 1
  m_CastShadows: 0
  m_ReceiveShadows: 0
  m_DynamicOccludee: 1
  m_MotionVectors: 1
  m_LightProbeUsage: 1
  m_ReflectionProbeUsage: 1
  m_Materials:
  - {fileID: 10754, guid: 0000000000000000f000000000000000, type: 0}
  m_StaticBatchInfo:
    firstSubMesh: 0
    subMeshCount: 0
  m_StaticBatchRoot: {fileID: 0}
  m_ProbeAnchor: {fileID: 0}
  m_LightProbeVolumeOverride: {fileID: 0}
  m_ScaleInLightmap: 1
  m_PreserveUVs: 0
  m_IgnoreNormalsForChartDetection: 0
  m_ImportantGI: 0
  m_StitchLightmapSeams: 0
  m_SelectedEditorRenderState: 0
  m_MinimumChartSize: 4
  m_AutoUVMaxDistance: 0.5
  m_AutoUVMaxAngle: 89
  m_LightmapParameters: {fileID: 0}
  m_SortingLayerID: 0
  m_SortingLayer: 0
  m_SortingOrder: 0
  m_Sprite: {fileID: 21300000, guid: d8ccb18bd7f038f4fa31eabf643da51f, type: 3}
  m_Color: {r: 1, g: 1, b: 1, a: 1}
  m_FlipX: 0
  m_FlipY: 0
  m_DrawMode: 0
  m_Size: {x: 3.3, y: 3.39}
  m_AdaptiveModeThreshold: 0.5
  m_SpriteTileMode: 0
  m_WasSpriteAssigned: 1
  m_MaskInteraction: 0
--- !u!4 &1972348220
Transform:
  m_ObjectHideFlags: 0
  m_PrefabParentObject: {fileID: 0}
  m_PrefabInternal: {fileID: 0}
  m_GameObject: {fileID: 1972348218}
  m_LocalRotation: {x: 0, y: 0, z: 0, w: 1}
  m_LocalPosition: {x: 70.41, y: 4.9, z: 0}
  m_LocalScale: {x: 3, y: 3, z: 1}
  m_Children: []
  m_Father: {fileID: 0}
  m_RootOrder: 29
  m_LocalEulerAnglesHint: {x: 0, y: 0, z: 0}
--- !u!60 &1972348221
PolygonCollider2D:
  m_ObjectHideFlags: 0
  m_PrefabParentObject: {fileID: 0}
  m_PrefabInternal: {fileID: 0}
  m_GameObject: {fileID: 1972348218}
  m_Enabled: 1
  m_Density: 1
  m_Material: {fileID: 0}
  m_IsTrigger: 0
  m_UsedByEffector: 0
  m_UsedByComposite: 0
  m_Offset: {x: 0, y: 0}
  m_SpriteTilingProperty:
    border: {x: 0, y: 0, z: 0, w: 0}
    pivot: {x: 0.5, y: 0.5}
    oldSize: {x: 3.3, y: 3.39}
    newSize: {x: 3.3, y: 3.39}
    adaptiveTilingThreshold: 0.5
    drawMode: 0
    adaptiveTiling: 0
  m_AutoTiling: 0
  m_Points:
    m_Paths:
    - - {x: -1.65, y: 1.6949999}
      - {x: -1.65, y: -1.6949999}
      - {x: 1.65, y: -1.6949999}
      - {x: 1.65, y: 1.6949999}
--- !u!1 &2083747106
GameObject:
  m_ObjectHideFlags: 0
  m_PrefabParentObject: {fileID: 0}
  m_PrefabInternal: {fileID: 0}
  serializedVersion: 5
  m_Component:
  - component: {fileID: 2083747108}
  - component: {fileID: 2083747107}
  m_Layer: 0
  m_Name: GameManager
  m_TagString: Untagged
  m_Icon: {fileID: 0}
  m_NavMeshLayer: 0
  m_StaticEditorFlags: 0
  m_IsActive: 1
--- !u!114 &2083747107
MonoBehaviour:
  m_ObjectHideFlags: 0
  m_PrefabParentObject: {fileID: 0}
  m_PrefabInternal: {fileID: 0}
  m_GameObject: {fileID: 2083747106}
  m_Enabled: 1
  m_EditorHideFlags: 0
  m_Script: {fileID: 11500000, guid: b93953285178c4d4d90442d777c4373a, type: 3}
  m_Name: 
  m_EditorClassIdentifier: 
  score: 0
  respawnPoint: {x: -39.6, y: 11.1, z: 0}
--- !u!4 &2083747108
Transform:
  m_ObjectHideFlags: 0
  m_PrefabParentObject: {fileID: 0}
  m_PrefabInternal: {fileID: 0}
  m_GameObject: {fileID: 2083747106}
  m_LocalRotation: {x: 0, y: 0, z: 0, w: 1}
  m_LocalPosition: {x: 0.1, y: 0.4, z: 0}
  m_LocalScale: {x: 1, y: 1, z: 1}
  m_Children: []
  m_Father: {fileID: 0}
  m_RootOrder: 0
  m_LocalEulerAnglesHint: {x: 0, y: 0, z: 0}
--- !u!1001 &2119292242
Prefab:
  m_ObjectHideFlags: 0
  serializedVersion: 2
  m_Modification:
    m_TransformParent: {fileID: 0}
    m_Modifications:
    - target: {fileID: 4161822459890180, guid: 7a0d480e351aa214e840eb73c8cf7ba3, type: 2}
      propertyPath: m_LocalPosition.x
      value: -4.5729256
      objectReference: {fileID: 0}
    - target: {fileID: 4161822459890180, guid: 7a0d480e351aa214e840eb73c8cf7ba3, type: 2}
      propertyPath: m_LocalPosition.y
      value: 5.7215633
      objectReference: {fileID: 0}
    - target: {fileID: 4161822459890180, guid: 7a0d480e351aa214e840eb73c8cf7ba3, type: 2}
      propertyPath: m_LocalPosition.z
      value: 0
      objectReference: {fileID: 0}
    - target: {fileID: 4161822459890180, guid: 7a0d480e351aa214e840eb73c8cf7ba3, type: 2}
      propertyPath: m_LocalRotation.x
      value: 0
      objectReference: {fileID: 0}
    - target: {fileID: 4161822459890180, guid: 7a0d480e351aa214e840eb73c8cf7ba3, type: 2}
      propertyPath: m_LocalRotation.y
      value: 0
      objectReference: {fileID: 0}
    - target: {fileID: 4161822459890180, guid: 7a0d480e351aa214e840eb73c8cf7ba3, type: 2}
      propertyPath: m_LocalRotation.z
      value: 0
      objectReference: {fileID: 0}
    - target: {fileID: 4161822459890180, guid: 7a0d480e351aa214e840eb73c8cf7ba3, type: 2}
      propertyPath: m_LocalRotation.w
      value: 1
      objectReference: {fileID: 0}
    - target: {fileID: 4161822459890180, guid: 7a0d480e351aa214e840eb73c8cf7ba3, type: 2}
      propertyPath: m_RootOrder
      value: 8
      objectReference: {fileID: 0}
    - target: {fileID: 1686538325737960, guid: 7a0d480e351aa214e840eb73c8cf7ba3, type: 2}
      propertyPath: m_Name
      value: Enemy (1)
      objectReference: {fileID: 0}
    m_RemovedComponents: []
  m_ParentPrefab: {fileID: 100100000, guid: 7a0d480e351aa214e840eb73c8cf7ba3, type: 2}
  m_IsPrefabParent: 0
